2675 4209
366 282 434 338 LIB.
452 284 473 337 Ι.
493 283 568 339 ΟΑΡ.
590 290 632 351 17,
652 289 694 339 18.
714 290 729 349 5
748 291 861 341 26-30.
1047 284 1113 350 285
1233 347 1241 357 ,

100 429 216 511 potest
242 447 311 491 esse
330 427 549 511 praestantius
569 449 666 510 quam
685 428 913 512 despicientem
932 429 1041 492 omnia
1056 429 1113 493 hu·

100 538 203 579 mana
234 519 265 578 et
291 514 447 579 inferiora
475 516 636 599 sapientia
663 516 832 581 ducentem
854 516 936 580 nihil
958 538 1113 600 umquam

98 602 166 666 nisi
192 602 427 687 sempiternum
446 607 478 667 et
497 603 640 667 divinum
659 604 767 668 animo
788 603 792 686 Ι
812 604 982 669 volutare?
1006 606 1046 685 [p.
1063 620 1112 669 127

100 690 154 754 cui
169 712 364 778 pumersuas
384 691 427 754 sit
446 691 605 774 appellari
623 696 747 756 ceteros
765 692 921 775 homines,
940 714 1010 756 esse
1024 692 1112 756 solos

71 795 173 861 aeos,
210 778 266 862 qui
297 783 405 843 essent
436 779 534 864 politi
564 780 705 864 propriis
734 780 947 844 humanitatis
975 780 1113 863 artibus3

97 869 136 931 ut
157 866 244 931 mihi
260 865 409 930 Platonis
427 867 518 950 illud,
541 888 597 930 seu
617 867 689 949 quis
709 868 789 931 dixit
808 868 900 951 alius,
922 869 1113 953 perelegans
1131 882 1165 931 29

98 976 174 1018 esse
206 954 366 1038 videatur,
396 976 491 1038 quem
518 976 591 1018 cum
619 977 658 1017 ex
686 956 754 1020 alto
782 955 913 1040 ignotas
941 956 982 1021 ad
1009 960 1113 1020 terras

96 1045 285 1127 tempestas
319 1045 351 1106 et
382 1041 417 1105 in
449 1042 611 1107 desertum
643 1042 721 1107 litus
754 1043 936 1127 detulisset,
972 1044 1114 1109 timenti·

97 1130 164 1193 bus
191 1130 307 1195 ceteris
330 1134 464 1215 propter
486 1130 725 1215 ignorationem
748 1131 892 1196 locorum
916 1133 1114 1197 animadver-

57 1235 84 1274 10
98 1218 187 1281 tisse
221 1217 331 1281 dieunt
363 1218 398 1281 in
429 1240 527 1281 arena
560 1219 773 1304 geometricas
804 1218 927 1284 formas
957 1221 1114 1304 quasdam

98 1327 176 1369 esse
197 1304 389 1389 descriptas3
409 1304 414 1389 Ι
435 1327 514 1405 quas
533 1309 571 1370 ut
588 1306 732 1407 uidisset,
749 1308 990 1407 exclamavisse,
1010 1310 1049 1388 [p.
1063 1323 1113 1372 128

97 1393 508 1567 ddigiffiqueasesevlideliblbm
510 1394 801 1565 illevrlrbirreexffldlgbli
815 1395 1113 1565 {ansspffiffigg

99 1569 273 1652 cernebat,
309 1570 365 1633 sed
401 1592 440 1633 ex
476 1569 639 1634 doctrinae
671 1569 797 1633 indiciis
828 1570 1113 1653 interpretabatur.

59 1672 85 1713 1⁵
101 1655 212 1732 Quam
240 1656 281 1721 ob
309 1679 390 1742 rem,
421 1656 562 1740 Tubero,
593 1678 720 1740 semper
747 1657 828 1720 mihi
856 1661 889 1721 et
912 1657 1059 1722 doctrina
1081 1661 1114 1722 et

101 1744 226 1808 cruditi
248 1745 395 1809 homines
419 1748 452 1809 et
474 1749 532 1809 tua
553 1745 619 1809 ista
642 1745 751 1809 studia
772 1746 972 1829 placuerunt.

173 1832 257 1895 Tum
279 1831 422 1897 Laelius:
450 1831 526 1898 Non
548 1834 649 1897 audeo
674 1833 816 1917 quidem,
837 1833 953 1918 inquit,
977 1834 1018 1899 ad
1039 1835 1113 1918 ista,
1127 1806 1167 1931 ¹3²3

103 1918 230 2004 Scipio,
258 1920 375 2005 dicere,
402 1942 505 2005 neque
532 1924 601 1985 tam
628 1924 660 1985 te
690 1926 746 1987 aut
772 1920 903 1985 Philum
933 1928 990 1987 aut
1012 1923 1114 1987 Mani-

102 2008 204 2073 lium.
241 2055 271 2074 ..

355 2130 593 2213 [Desideraatar
609 2134 746 2214 popinae
767 2133 866 2214 duos]

61 2254 89 2293 2⁰
181 2236 306 2303 ....in
334 2236 437 2321 ipsius
465 2240 601 2321 paterno
630 2258 748 2323 genere
773 2237 837 2301 fuit
864 2242 975 2303 noster
995 2218 1042 2319 ι[ρ.
1063 2255 1113 2303 285

104 2325 164 2389 ille
188 2324 319 2408 amicus,
343 2324 847 2416 QRQ

151 2430 320 2516 Egregie
339 2429 520 2495 cordatus
538 2429 664 2512 homo,
683 2433 792 2494 catus
811 2430 946 2495 Aelius
961 2428 1113 2515 Sextus,

107 2535 164 2621 qui
188 2534 360 2620 ‘egregie
379 2532 578 2599 cordatus'
602 2537 635 2597 et
654 2532 796 2599 ‘catus'
814 2533 878 2597 fuit
896 2537 929 2597 et
947 2535 988 2598 ab
1007 2533 1113 2600 Ennio

106 2624 213 2689 dietus
241 2626 304 2705 est,
335 2644 401 2686 non
428 2622 513 2706 quod
540 2643 579 2686 ea
607 2622 797 2705 quaerebat,
829 2644 911 2706 quae
937 2644 1114 2707 numquam

63 2727 91 2769 aa
106 2711 279 2793 inveniret,
313 2710 368 2774 sed
400 2710 486 2794 quod
516 2732 553 2775 ea
582 2710 813 2794 respondebat,
845 2732 927 2794 quae
957 2732 1026 2795 eos,
1058 2712 1114 2795 qui

107 2798 319 2882 quaesissent,
337 2801 371 2862 et
388 2820 465 2863 cura
483 2803 516 2863 et
533 2798 666 2883 negotio
681 2800 854 2882 solverent,
873 2799 986 2883 cuique
1001 2804 1115 2865 contra

108 2885 198 2951 Galli
214 2886 322 2950 studia
336 2885 515 2969 disputanti
528 2886 563 2950 in
577 2908 632 2951 ore
647 2907 775 2971 semper
788 2891 859 2951 erat
871 2887 929 2951 ille
941 2888 945 2974 l
957 2887 996 2951 de
1011 2890 1052 2968 [p.
1061 2903 1113 2953 286

106 2973 280 3060 Iphigenia
303 2973 461 3038 Achilles:

152 3046 453 3147 dstrologorum
477 3058 588 3145 signa
609 3062 649 3125 in
671 3064 779 3127 eaelo
801 3060 891 3146 quid
912 3061 963 3125 fit
982 3062 1112 3127 obser·

838 3149 1024 3232 rationis,

66 3257 93 3297 eo
153 3236 243 3303 Oum
267 3258 383 3320 capra
406 3238 471 3299 aut
493 3256 590 3319 nepa
613 3240 678 3299 adt
697 3237 871 3302 exoritur
887 3238 1024 3299 nomen
1042 3238 1112 3302 ali·

690 3324 787 3407 quod
811 3323 1025 3388 beluarum!

153 3410 258 3488 Quod
295 3414 352 3475 est
390 3416 480 3476 ante
515 3410 630 3497 pedes
665 3414 775 3475 nemo
812 3415 977 3496 spectat,
1014 3414 1113 3478 caeli

629 3502 854 3563 scrutantur
875 3500 1024 3585 plagas.

109 3588 217 3674 Atque
236 3587 321 3651 idern
341 3585 494 3671 (multum
513 3588 597 3651 enim
615 3587 710 3651 illum
728 3586 898 3653 audiebam
912 3593 945 3652 et
960 3586 1112 3672 libenter)
