2675 4209
339 321 406 377 affl.
425 321 459 377 11.
479 299 555 378 caP.
575 327 689 377 as-sv.
707 326 724 387 s
741 327 855 377 ιιι-ιι.
1034 320 1099 386 327

68 465 292 530 aestumatio
313 466 472 551 pecudum
494 465 530 529 in
551 464 657 529 multa
678 464 751 550 lege
772 462 809 529 O.
830 462 908 528 Iulii
926 462 962 528 P.
979 462 1103 548 Papirii

65 554 265 618 consulum
289 553 467 618 constituta
489 556 548 617 est.

141 638 225 705 Sed
246 641 371 724 aliquot
394 645 468 706 ante
492 639 595 724 annis,
618 662 691 705 cum
713 661 841 705 summa
863 642 950 704 esset
968 638 1104 703 auctori·

66 731 125 792 tas
160 729 208 793 in
246 733 360 794 senatu
391 729 513 813 populo
543 728 691 813 patiente
718 732 816 811 atque
843 731 991 812 parente,
1021 726 1105 790 inita

38 816 166 881 oratio
198 819 269 900 est,
295 820 333 881 ut
355 820 389 880 et
410 816 559 881 consules
583 819 616 880 et
637 816 762 879 tribuni
783 816 828 900 pl.
851 815 1047 899 magistratu
1070 836 1105 879 se

67 903 294 987 abdicarent,
316 906 414 989 atque
435 907 474 968 ut
495 903 583 969 xviri
605 904 747 967 maxima
763 907 928 987 potestate
946 902 1015 967 sine
1032 924 1105 987 pro

67 988 276 1078 vocatiolne
301 994 496 1074 crearentur,
518 991 574 1075 qui
594 995 627 1056 et
645 1013 807 1055 summum
824 991 994 1076 imperium
1015 993 1056 1073 [p.
1070 1006 1105 1055 42

67 1078 257 1171 luberent
270 1082 305 1143 et
318 1079 407 1164 leges
422 1078 608 1144 scriberent.
635 1077 784 1153 Quicum
798 1097 822 1142 x
834 1080 963 1144 tabulas
978 1102 1106 1145 summa

68 1165 207 1251 legum
235 1167 399 1251 acquitate
425 1168 659 1251 prudentiaque
686 1168 966 1252 conscripsissent,
993 1169 1029 1233 in
1051 1190 1105 1231 an·

29 1271 55 1309 1⁰
69 1276 165 1319 num
201 1260 370 1340 posterum
399 1254 596 1320 decemviros
624 1255 707 1319 alios
730 1256 1001 1341 subrogaverunt,
1029 1276 1105 1337 quo·

71 1364 162 1407 rum
203 1364 272 1407 non
304 1341 455 1407 similiter
485 1343 565 1407 fides
596 1364 655 1407 nec
686 1343 814 1407 iustitia
844 1343 983 1407 laudata.
1034 1340 1104 1416 Quo

1114 608 1156 735 tl

72 1433 208 1495 tamen
241 1452 259 1494 e
290 1431 429 1515 collegio
457 1430 530 1496 laus
558 1434 609 1494 est
634 1430 695 1494 illa
721 1430 840 1494 eximia
867 1428 901 1493 C.
927 1429 1017 1511 Iulii,
1050 1429 1105 1512 qui

72 1516 264 1583 hominem
286 1519 446 1601 nobilem,
468 1516 503 1583 L.
527 1515 794 1601 Sestium,'cuius
817 1517 852 1580 in
874 1514 969 1601 cuffbi-
992 1517 1033 1596 [p.
1054 1532 1104 1579 137

76 1607 167 1671 culo
190 1605 352 1671 ecfossum
371 1628 441 1671 esse
460 1627 494 1671 se
512 1608 683 1691 praesente
702 1608 867 1668 mortuum
886 1604 1015 1686 diceret,
1033 1625 1105 1668 cum

35 1708 62 1746 1⁵
76 1692 174 1777 ipse,
195 1697 394 1778 potestatem
420 1716 580 1757 summam
606 1691 756 1775 baberet,
782 1692 869 1775 quod
891 1691 1106 1756 decemvirum

81 1782 165 1846 sine
195 1782 426 1865 provocatione
448 1785 547 1865 esset,
574 1781 673 1845 vades
695 1784 806 1844 tamen
826 1781 992 1865 poposcit,
1020 1780 1106 1864 quod

82 1890 123 1933 sc
151 1870 264 1954 legem
282 1870 375 1933 illam
393 1869 596 1954 praeclaram
615 1869 838 1954 neglecturum
857 1872 1001 1953 negaret,
1025 1890 1106 1951 quae

85 1957 131 2021 de
160 1956 268 2041 capite
291 1957 370 2022 civis
393 1955 534 2022 Romani
555 1956 620 2021 uisi
638 1957 785 2021 comitiis.
797 1957 987 2022 centuriatis
1005 1956 1106 2020 statui

45 2048 296 2198 20Yeta'lrlbitius
324 2136 374 2197 est
397 2153 500 2197 annus
522 2132 660 2197 xviralis
683 2136 887 2216 consecutus,
913 2154 986 2198 cum
1009 2131 1105 2195 iidem
1116 2097 1158 2222 δέ

90 2224 210 2287 essent
232 2242 292 2285 nec
314 2219 396 2285 alios
420 2221 598 2305 subrogare
620 2221 809 2285 voluissent.
829 2220 834 2303 Ι
854 2219 893 2285 In
914 2220 976 2285 hoc
995 2222 1035 2299 [p.
1057 2234 1106 2284 138

91 2312 192 2375 statu
221 2308 269 2373 rei
295 2307 459 2392 publicae,
488 2330 584 2391 quem
611 2308 677 2373 dixi
703 2308 770 2372 iam
798 2329 893 2391 saepe
919 2328 986 2371 non
1011 2328 1107 2390 posse

93 2419 171 2463 esse
195 2397 391 2480 diuturnum,
414 2395 500 2479 quod
521 2417 588 2461 non
605 2399 692 2460 esset
709 2396 744 2459 in
762 2396 867 2459 omnis
887 2395 1014 2458 ordines
1033 2394 1107 2457 civi-

92 2483 181 2550 tatis
204 2483 392 2568 aeqnabilis,
415 2487 486 2548 erat
508 2504 606 2567 penes
629 2482 791 2567 principes
814 2485 885 2546 tota
907 2480 1108 2565 respublica

52 2587 80 2627 ²5
94 2572 296 2658 praepositis
323 2570 427 2636 xviris
449 2570 676 2652 nobilissimis,
698 2592 763 2635 non
785 2568 945 2654 oppositis
967 2568 1106 2632 tribunis

95 2661 160 2745 pl,
181 2659 282 2725 nullis
305 2658 379 2723 aliis
404 2658 564 2723 adiunctis
587 2658 845 2743 magistratibus,
867 2679 933 2723 non
954 2678 1107 2742 provoca-

98 2750 190 2813 tione
223 2747 264 2812 ad
294 2747 452 2832 populum
484 2750 598 2811 contra
626 2767 737 2810 necem
764 2749 798 2810 et
823 2746 959 2810 verbera
984 2745 1107 2810 relicta.

96 2836 191 2920 Ergo
219 2836 335 2900 borum
363 2856 401 2899 ex
427 2833 590 2899 iniustitia
617 2833 726 2898 cubito
752 2838 866 2898 exorta
892 2837 943 2898 est
965 2833 1107 2898 maxima
1125 2848 1160 2897 cs

97 2923 312 3009 perturlbatio
335 2925 369 2986 et
390 2921 493 2987 totius
516 2922 727 2987 commutatio
750 2922 798 2987 rei
815 2922 977 3006 publicae3
1001 2924 1041 3001 [p.
1058 2938 1107 2986 183

56 3026 85 3067 ³0
101 3010 158 3093 qui
185 3010 309 3075 duabus
335 3010 457 3074 tabulis
480 3010 663 3094 iniquarum
687 3011 799 3094 legum
821 3009 954 3092 additis,
982 3010 1108 3092 quibus,

101 3097 203 3161 eiiam
234 3119 316 3181 quae
349 3098 500 3163 diiunctis
532 3098 662 3181 populis
694 3097 796 3161 tribui
825 3097 932 3160 solent
962 3095 1108 3179 conubia,

6 3222 10 3231 ·
101 3185 182 3249 haec
204 3186 255 3249 illi
272 3189 310 3250 ut
326 3207 367 3250 ne
386 3186 494 3270 plebei
512 3206 585 3249 oum
603 3184 752 3270 patribus
772 3187 888 3265 essent,
911 3182 1108 3247 inhumanis·

103 3272 185 3337 sima
211 3273 285 3358 lege
313 3276 501 3355 sanxerunt,
529 3294 611 3355 quae
633 3275 749 3356 postea
769 3270 876 3355 plebei
899 3269 981 3333 scito
1005 3267 1108 3335 Canu·

103 3359 165 3425 leio
185 3361 345 3446 abrogata
363 3365 422 3445 est,
440 3360 675 3443 libidinoseque
694 3359 782 3424 omni
795 3357 931 3442 imperio
946 3362 979 3421 et
993 3359 1108 3424 acerbe

64 3464 91 3505 ³5
105 3452 137 3512 et
159 3470 255 3513 avare
277 3450 398 3534 populo
420 3446 640 3533 praefuerunt.
675 3444 765 3510 Nota
784 3447 908 3512 scilicet
925 3445 985 3510 illa
1004 3467 1057 3512 res
1075 3452 1108 3513 et

105 3536 267 3601 celebrata
284 3534 509 3621 monumenltis
527 3535 677 3620 plurimis
696 3534 890 3617 litterarum,
912 3557 985 3600 cum
1005 3536 1045 3615 [p.
1057 3553 1108 3603 184

104 3623 254 3689 Decimus
287 3624 417 3708 quidam
443 3621 619 3707 Verginius
650 3623 810 3710 virginem
841 3622 944 3688 filiam
972 3627 1108 3709 propter
