2675 4209
347 291 416 348 LIB.
434 292 483 345 III.
504 291 580 349 ΟΑΡ.
599 300 713 351 28-32.
732 301 748 360 ἓ
766 302 880 351 40-44.
1051 296 1117 361 349

180 433 265 510 Quae
283 458 358 502 cum
376 435 511 502 dixisset
524 436 664 521 Laelius,
687 438 750 502 etsi
763 460 885 523 omnes,
904 437 960 522 qui
973 418 1170 545 ederanc342

115 520 340 607 significabant
358 524 400 589 ab
419 547 457 589 eo
477 547 511 590 se
530 548 600 590 esse
615 526 788 591 admodum
802 526 988 610 delectatos,
1006 531 1118 591 tamen

113 614 239 691 praeter
269 616 393 677 ceteros
421 610 528 698 Scipio
560 614 652 697 quasi
685 615 826 698 quodam
852 615 971 701 gaudio
998 614 1117 679 elatus:

23 776 24 781 ἵ
112 696 232 764 Multas
254 704 293 765 tu
317 700 455 785 quidem,
478 702 593 785 inquit,
616 701 717 785 Laeli,
739 725 836 787 saepe
858 724 972 767 causas
996 702 1043 766 ita
1065 703 1117 767 de

83 784 254 871 ofendisti,
286 793 324 853 ut
353 809 414 874 ego
441 810 509 853 non
535 790 631 855 modo
659 794 767 855 tecum
794 788 941 855 Servium
969 789 1117 873 Galbam,

23 882 25 915 l
110 874 271 960 collegam
283 880 442 960 nostrum,
461 898 557 960 quem
571 880 616 963 tu,
635 878 742 961 quoad
755 878 845 961 vixit,
865 878 1014 943 omnibus
1028 881 1116 943 antc-

21 918 35 1051 i
108 963 262 1048 ponebas,
284 986 397 1029 verum
415 984 456 1029 ne
470 964 655 1031 Atticorum
675 966 804 1050 quidem
822 969 990 1031 oratorum
1009 988 1116 1052 quem·

109 1070 208 1131 quam
231 1055 288 1116 aut
311 1054 463 1117 suavitate
470 1100 567 1120 .....

317 1192 555 1274 [Desiderantur
571 1196 710 1277 popincw
730 1194 908 1276 duodecim]

22 1388 23 1395 ἵ
174 1316 224 1381 Μ.
248 1316 371 1381 Tullius
393 1318 429 1381 de
450 1338 485 1381 rc
501 1318 588 1399 publ.
611 1318 661 1382 bb.
679 1318 759 1382 111:
783 1317 862 1382 duas
886 1318 949 1381 sibi
967 1340 1028 1400 res,
1051 1340 1115 1403 quo

23 1399 28 1464 i
68 1401 215 1467 lominus
244 1404 279 1467 in
308 1404 427 1489 vulgus
455 1408 489 1469 et
515 1407 550 1468 in
575 1405 647 1469 foro
672 1406 805 1489 diceret,
832 1407 1060 1471 confidentiam
1082 1412 1116 1472 et

21 1469 28 1589 ζ
106 1512 229 1575 vocem,
252 1491 451 1558 defuisse...
480 1494 620 1574 (Nonius
636 1515 671 1576 p.
693 1498 768 1559 262.
790 1495 861 1577 22.)

22 1589 27 1663 Ϊς
171 1579 224 1647 De
244 1600 303 1661 quo
325 1580 431 1660 (muro
449 1580 650 1663 Phalaridis)
668 1580 773 1646 Cicero
795 1583 893 1646 dicit:
914 1582 1115 1647 inclusorum

22 1673 27 1702 ¹¹
104 1666 275 1731 hominum
300 1668 424 1754 gemitu
442 1668 610 1753 mugiebat
628 1672 752 1733 taurus.
784 1669 897 1751 (Sobel.
915 1671 1055 1736 [coena
1073 1674 1117 1737 ud

21 1732 27 1924 i
68 1858 92 1899 1⁵
105 1760 161 1820 sat·
179 1756 438 1928 ‚Vlidpoditare
476 1844 566 1930 Ergo
589 1844 682 1909 illam
705 1866 774 1908 rem
796 1847 923 1932 populi,
945 1848 979 1913 id
1003 1850 1044 1929 [p.
1063 1828 1167 1955 unffi

105 1935 156 1995 est
178 1952 250 1995 rem
271 1931 450 2015 publicam,
477 1934 549 2016 quis
573 1933 693 1997 diceret
715 1937 800 2017 tum,
827 1956 900 1999 cum
924 1937 1114 2002 crudelitate

23 2047 27 2094 ς
105 2020 202 2083 unius
226 2020 374 2103 oppressi
396 2024 503 2084 essent
526 2020 676 2103 universi,
698 2043 802 2104 neque
825 2025 911 2087 esset
928 2045 1029 2088 unum
1047 2026 1115 2089 vin·

105 2108 215 2172 culum
246 2107 325 2170 iuris
352 2128 412 2172 neo
439 2128 613 2173 consensus
643 2132 680 2174 ac
710 2108 849 2173 societas
872 2114 996 2194 coetus,
1029 2112 1115 2196 quod

22 2234 23 2263 r
105 2200 156 2260 est
184 2195 347 2279 populus?
384 2195 493 2279 Atque
520 2196 582 2260 hoc
609 2196 695 2260 idem
718 2195 895 2280 Syracusis.
939 2198 1027 2264 Urbs
1054 2202 1115 2264 illa

21 2268 23 2367 l
68 2284 287 2369 ropraeclara,
319 2304 417 2366 quam
445 2284 492 2347 ait
518 2284 668 2348 Timaeus
697 2284 893 2350 Graecarum
920 2308 1114 2371 maxumam,

21 2388 23 2491 μ
106 2371 251 2435 omnium
274 2374 384 2435 autem
407 2393 477 2435 esse
499 2371 765 2456 pulcherrimam,
792 2396 851 2437 arx
872 2373 1019 2456 visenda,
1041 2397 1114 2459 por-

21 2494 23 2543 ,
104 2464 160 2523 tus
186 2480 289 2541 usque
315 2458 350 2522 in
379 2458 468 2523 sinus
495 2459 606 2543 oppidi
634 2464 666 2523 et
690 2460 731 2524 ad
752 2459 843 2523 urbis
866 2460 1045 2543 crepidines
1067 2464 1114 2527 in·

21 2564 23 2645 p
104 2546 180 2629 fusi,
202 2546 274 2609 viae
297 2546 393 2630 latae,
415 2546 569 2631 porticus,
589 2544 595 2631 Ι
614 2547 748 2632 templa,
771 2547 856 2611 muri
877 2547 981 2612 nihilo
1005 2551 1046 2629 [p.
1060 2565 1113 2615 252

106 2633 213 2719 magis
240 2633 436 2718 efficiebant,
463 2634 621 2718 Dionysio
648 2638 780 2700 tenente
806 2639 844 2700 ut
871 2640 957 2700 esset
978 2637 1036 2701 illa
1061 2660 1113 2703 res

21 2724 23 2809 ὲ
69 2738 93 2779 2⁵
107 2722 252 2808 publica3
274 2722 357 2785 nihil
381 2722 467 2787 enim
489 2724 603 2807 populi
622 2724 767 2788 etunius
787 2728 858 2789 erat
875 2724 1016 2809 populus
1034 2726 1112 2811 ipse.

106 2811 196 2894 Ergo
219 2807 277 2872 ubi
298 2812 456 2892 tyrannus
480 2815 543 2896 est,
570 2812 616 2876 ibi
638 2834 705 2877 non
726 2813 893 2896 vitiosam,
915 2817 954 2877 ut
976 2815 1046 2879 heri
1069 2816 1114 2880 di·

21 2904 22 2907 ’
108 2898 233 2979 cebam,
261 2896 330 2979 sed,
352 2902 390 2961 ut
411 2920 496 2963 nunc
518 2901 602 2966 ratio
626 2901 728 2987 cogit,
752 2902 922 2967 dicendum
944 2906 995 2966 est
1016 2903 1113 2988 plane

108 2985 230 3049 nullam
254 3006 324 3047 esse
347 3006 415 3049 rem
438 2986 611 3068 publicam.

172 3071 341 3136 Praeclare
363 3072 492 3155 quidem
511 3073 598 3155 dicis,
621 3074 765 3160 Laelius,
788 3077 908 3141 etenim
925 3076 1019 3140 video
1038 3056 1166 3182 iam,{{

21 3214 25 3218 .
73 3178 97 3218 co
111 3181 171 3245 quo
198 3162 316 3244 pergat
340 3158 453 3223 oratio.
494 3156 526 3221 S.
549 3157 648 3223 Vides
671 3162 772 3243 igitur
794 3186 835 3227 nc
857 3164 950 3227 illam
975 3162 1112 3248 quidem,

111 3268 188 3331 quae
216 3249 288 3310 tota
316 3248 359 3310 sit
386 3247 421 3309 in
448 3243 598 3313 factionis
628 3250 806 3330 potestate,
832 3271 928 3333 posse
951 3271 1026 3313 vere
1051 3251 1113 3315 dici

111 3358 174 3400 rem
192 3335 366 3417 publicam.
394 3334 432 3398 L.
451 3331 503 3397 Sic
520 3333 617 3417 plane
635 3333 751 3397 iudico.
781 3336 813 3398 S.
831 3335 875 3398 nt
895 3337 900 3418 1
920 3357 985 3401 rec·
1005 3339 1044 3418 [p.
1062 3354 1111 3403 109

110 3421 231 3486 tissime
255 3421 384 3504 quidem
406 3421 542 3504 iudicas3
566 3442 647 3504 quae
668 3420 754 3484 enim
771 3421 834 3485 fuit
851 3427 922 3487 tum
937 3424 1112 3491 Athenien·

113 3510 190 3573 sium
216 3530 283 3592 res,
311 3530 383 3572 cum
410 3514 486 3593 post
514 3530 667 3594 magnum
695 3508 776 3573 illud
802 3508 1111 3596 Peloponnesiacum

75 3614 100 3656 ss
112 3598 229 3661 bellum
251 3596 389 3680 triginta
411 3596 474 3660 viri
492 3597 540 3661 illi
560 3596 633 3662 urbi
650 3596 863 3663 iniustissime
881 3603 1111 3685 praefuerunt?
