2675 4209
341 259 412 317 mu
431 260 452 317 1.
473 258 548 316 uAP.
567 264 682 316 as-nc.
700 265 717 325 a
734 266 848 316 40-44.
1032 261 1100 327 291
1198 314 1204 325 .

83 406 508 576 lhtlsszfflil
524 424 1102 577 ἓῒῖἑῗέωᾚῖἔῗῒὲῖῐξῗὲᾟ

82 600 131 643 cae
153 584 298 644 statum.
346 577 428 644 Cum
451 584 559 645 autem
583 583 632 643 est
654 602 754 664 penes
777 580 928 663 delectos,
950 585 1020 645 tum
1041 581 1102 646 illa

78 667 191 732 civitas
221 668 446 753 optimatium
474 668 610 733 arbitrio
638 668 864 759 rfflssumt
906 668 970 733 Illa
993 672 1101 733 autem

54 758 123 819 rest
150 756 280 821 civitas
312 755 482 841 popularis
509 752 570 841 (sic
593 755 678 820 euim
702 753 898 841 appellant),
924 756 1102 849 Qin

73 844 198 927 ppoulo
241 847 331 909 sunt
362 844 479 908 omnia.
524 842 634 927 Atque
665 843 783 909 horum
814 844 915 908 trium
947 865 1101 930 generum

3 936 8 999 l
74 932 226 1016 quodvis,
254 932 290 996 si
314 935 424 997 teneat
446 928 528 995 illud
550 932 702 1015 vinclum,
728 932 814 1016 quod
835 932 977 1016 primum
999 932 1101 997 homi·

1 1016 14 1106 s
73 1039 128 1083 nes
151 1020 252 1084 inter
280 1042 318 1084 se
340 1020 388 1085 rei
410 1019 559 1104 publicae
582 1018 737 1084 socictate
760 1000 1011 1104 devinxffin
1031 1042 1102 1106 per-

1 1110 2 1152 l
71 1105 200 1172 fectum
236 1108 330 1173 illud
360 1107 489 1191 quidem
514 1128 618 1190 neque
648 1128 721 1171 mea
749 1108 912 1173 sententia
942 1109 1102 1193 optimum

37 1200 128 1279 uest,
158 1196 224 1261 sed
254 1195 433 1259 tolerabile
457 1195 462 1279 Ι
489 1198 613 1279 tamen,
640 1197 678 1259 ut
705 1194 794 1259 aliud
817 1196 881 1261 alio
904 1218 980 1281 pos·
1008 1199 1048 1276 [p.
1067 1213 1102 1261 es

72 1281 116 1346 sit
140 1306 223 1347 esse
244 1282 480 1367 praestantius.
513 1281 600 1347 Nam
622 1282 676 1347 vel
698 1304 755 1347 rer
778 1305 898 1367 aequus
918 1306 955 1348 ac
973 1284 1103 1367 sapiens

71 1370 126 1435 vcl
152 1370 288 1435 delecti
312 1391 350 1435 ac
371 1370 533 1454 principes
556 1370 642 1435 cives
662 1370 715 1434 vel
732 1370 803 1454 ipse
820 1371 971 1455 populus,
994 1393 1104 1456 Q

73 1460 256 1560 Qffl
279 1461 339 1546 est
352 1458 483 1523 minime
505 1457 722 1542 probandum,
751 1461 863 1522 tamen
883 1457 983 1521 nullis
1006 1458 1103 1521 inter·

72 1548 174 1611 rectis
199 1546 438 1631 iniquitatibus
461 1548 519 1609 aut
536 1545 769 1629 cupiditatibus
787 1566 883 1629 posse
901 1545 1029 1609 videtur
1046 1544 1105 1609 ali·

36 1650 60 1690 1⁵
74 1656 143 1717 quo
171 1656 254 1699 esse
277 1656 344 1698 non
364 1634 487 1698 incerto
511 1636 609 1697 statu.

148 1720 224 1787 Sed
253 1724 288 1785 et
313 1722 348 1784 in
374 1721 483 1805 regnis
506 1720 603 1784 nimis
627 1724 775 1805 expertes
799 1724 876 1785 sunt
898 1720 998 1786 ceteri
1019 1688 1156 1816 com-24}

76 1811 198 1875 munis
233 1809 315 1874 iuris
348 1812 381 1873 et
408 1808 546 1891 consilii,
579 1808 673 1872 etin
701 1808 908 1892 optimatium
937 1810 1104 1875 dominatu

76 1898 137 1963 uix
162 1898 337 1983 particeps
358 1896 522 1961 libertatis
541 1899 739 1981 potestesse
759 1895 764 1979 Ι
784 1898 968 1982 multitudo,
991 1899 1031 1978 [p.
1052 1912 1103 1963 105

1 2036 2 2045 ,
78 2008 162 2051 cum
197 1986 288 2051 omni
315 1984 450 2049 consilio
478 1983 640 2049 communi
667 2006 705 2048 ac
731 1988 906 2073 Q
919 1988 1041 2068 Q,
1070 1988 1104 2049 et

1 2078 5 2154 j
38 2089 67 2129 20
81 2096 164 2139 cum
203 2073 314 2138 omnia
346 2094 405 2157 per
431 2073 586 2157 populum
614 2074 771 2157 geruntur
803 2073 950 2156 quamvis
981 2073 1104 2137 iustum

11 2180 38 2229 ἰ.
83 2166 194 2247 atque
218 2161 429 2243 moderatum,
451 2163 563 2224 tamen
584 2159 657 2243 ipsa
681 2161 896 2244 aequabilitas
915 2164 966 2225 est
983 2161 1104 2244 iniqua,

6 2246 17 2285 ”“
84 2272 168 2317 cum
192 2249 294 2314 habet
315 2248 423 2312 nullos
447 2248 566 2333 gradus
590 2248 770 2332 dignitatis.
810 2247 926 2332 Itaque
948 2248 977 2312 si
1000 2247 1103 2331 Oyrus

84 2338 150 2404 ille
174 2338 291 2403 Perses
314 2336 512 2400 iustissimus
533 2334 597 2399 fuit
621 2335 947 2419 sapientissimusque
969 2357 1034 2417 rex,
1057 2339 1104 2399 ta·

87 2449 172 2492 rnen
195 2425 276 2489 mihi
298 2424 412 2509 populi
434 2444 485 2487 res
509 2419 562 2508 (ea
585 2422 671 2486 euim
695 2426 753 2506 est,
776 2426 814 2487 ut
836 2422 902 2485 dixi
923 2425 1027 2505 antea,
1048 2444 1105 2505 pu-

47 2529 76 2570 25
89 2512 200 2599 blica)
222 2534 290 2577 non
311 2511 450 2575 maxime
474 2510 653 2595 expetenda
673 2510 774 2574 fuisse
796 2509 856 2573 illa
873 2508 1009 2591 videtur,
1032 2530 1104 2572 cum

89 2603 265 2689 regeretur
282 2600 377 2664 unius
394 2602 477 2663 nutu
495 2621 532 2664 ac
552 2598 557 2682 Ι
577 2598 687 2681 mod03
710 2598 739 2661 si
751 2595 979 2705 MaQienses,
999 2598 1038 2677 [p.
1054 2567 1259 2661 ww

88 2690 204 2757 nostri
225 2688 368 2770 clientes,
390 2709 448 2772 per
470 2686 611 2751 delectos
635 2688 668 2750 et
691 2685 852 2771 principes
874 2706 960 2750 c1ves
979 2707 1106 2750 summa
1329 2714 1336 2727 ·

91 2776 225 2843 iustitia
247 2778 414 2861 reguntur,
436 2774 522 2839 inest
544 2778 655 2839 tamen
676 2773 712 2837 iu
732 2796 770 2838 ea
789 2774 974 2839 condicione
991 2772 1105 2859 populi
1310 2780 1317 2797 ‘

93 2864 278 2931 similitudo
303 2863 459 2947 quaedam
483 2861 663 2944 servitutis3
687 2860 715 2924 si
737 2860 953 2926 Athenienses
976 2863 1106 2945 quibus·

52 2970 80 3011 ³0
95 2956 176 3019 dam
204 2950 405 3035 temporibus
434 2951 563 3015 sublato
591 2948 765 3034 Areopago
792 2949 875 3014 nihil
902 2948 1106 3033 1.1.i§l.p01)¹1fi

70 3040 191 3115 ,scitis
219 3062 255 3104 ae
283 3038 418 3103 decretis
447 3038 602 3123 agebant,
630 3037 782 3121 quoniam
810 3035 980 3101 distinctos
1003 3034 1106 3119 digni·

2 3181 10 3191 .
96 3128 181 3194 tatis
199 3127 318 3213 gradus
336 3148 403 3191 uon
419 3126 593 3208 habebant,
611 3146 678 3188 non
695 3125 828 3189 tenebat
846 3126 997 3188 ornatum
1012 3143 1105 3185 suum

100 3215 225 3282 civitas.

167 3303 275 3387 Atque
302 3302 365 3367 hoc
390 3302 507 3385 loquor
534 3300 573 3364 de
599 3297 705 3362 tribus
728 3297 780 3362 his
803 3297 974 3383 generibus
996 3248 1158 3379 rammi}

61 3408 88 3451 ³5
102 3390 304 3476 publicarum
325 3412 392 3455 non
413 3388 554 3453 turbatis
578 3390 676 3469 atque
698 3385 890 3472 permixltis,
913 3386 969 3450 sed
993 3387 1033 3466 [p.
1053 3400 1105 3449 225

103 3500 197 3543 suum
225 3482 348 3543 statum
374 3476 568 3540 tenentibus.
609 3472 698 3549 Quae
726 3494 844 3557 genera
866 3474 1006 3558 primum
1029 3477 1106 3537 sunt

103 3566 204 3631 iniis
232 3566 361 3651 singula
387 3563 490 3647 vitiis,
522 3584 604 3647 quae
631 3566 707 3627 ante
734 3561 812 3646 dixi,
845 3561 956 3626 deinde
983 3561 1106 3627 habent

837 3663 892 3719 19*
