2675 4209
327 292 395 349 ΜΒ.
413 293 462 350 HL
481 292 557 351 eAP.
577 300 654 351 4-o.
673 301 690 361 s
708 301 804 352 s-11.
999 296 1065 362 335

101 434 311 516 Carneades,
338 436 540 503 Aoudemioae
566 442 660 505 satae
681 438 894 521 philosophus,
920 440 1009 506 euius
1026 443 1103 515 ,ine

35 524 225 591 disserenda
251 546 328 607 quae
348 526 397 591 uis
411 526 516 609 fuerit,
537 547 615 609 quae
631 527 810 609 eloquentia,
831 528 912 609 quad
928 548 1064 606 acumen

33 613 86 690 qui
108 614 237 690 nescit,
258 616 360 695 ursum
377 634 414 681 ea
425 615 655 696 praedieatione
673 614 828 680 Ciceronis
844 616 994 697 intellepet
1009 622 1066 680 aut

33 699 169 779 Intulit,
198 703 293 783 apred
312 722 400 783 quem
421 704 571 767 disserens
588 702 751 783 Neptunus
773 704 810 767 de
824 723 859 767 re
875 704 1064 784 diffieillima

10 790 175 853 sostendit
206 810 275 854 non
295 809 385 871 posse
410 791 446 854 id
470 790 631 872 ereptioni,
659 788 742 855 ‘neo
770 790 802 855 si
830 788 1063 856 Carneadem

31 874 169 958 ipsum
198 876 324 943 Orous
351 877 540 943 remittat'
563 914 605 925 -
629 878 657 943 is
681 899 750 942 aem
773 880 888 961 aqam
909 879 948 943 ab
970 879 1063 945 Athe·

5 1035 6 1039 Ἰ
31 964 213 1030 nunmbus
236 965 370 1030 Romam
392 967 505 1031 missen
526 970 608 1049 esset,
630 968 800 1047 disputarit
820 968 857 1031 de
876 968 998 1032 iustitia
1018 989 1064 1034 ao·

27 1054 119 1129 piose
152 1055 310 1119 audiunto
333 1052 435 1119 Galba
457 1059 486 1117 et
508 1052 622 1119 Catone
643 1053 800 1133 Censorio,
821 1057 970 1121 naumis
992 1062 1064 1122 tune

5 1164 7 1227 g
34 1141 239 1207 naumbus.
274 1140 338 1207 Sed
356 1142 437 1207 idem
459 1142 695 1223 disputationem
716 1162 806 1208 mam
822 1146 973 1225 postridie
994 1166 1063 1209 ean·

5 1230 145 1292 serario
185 1230 396 1311 disputatione
420 1230 566 1294 subvertit
591 1234 621 1294 et
646 1232 811 1309 iustitiam,
844 1251 939 1312 quam
959 1235 1064 1313 pridie

5 1363 7 1365 -
34 1313 249 1399 laudaverat,
284 1318 410 1382 sustulit
446 1338 510 1381 nou
545 1318 666 1399 quidem
696 1318 871 1400 philosophi
903 1321 1063 1402 pravitate,

34 1404 128 1468 arius
167 1406 269 1486 firma
299 1410 329 1469 et
352 1405 472 1470 stabilis
503 1406 585 1471 debet
617 1426 679 1471 esse
704 1408 865 1482 sententia,
896 1408 949 1470 sed
973 1409 1064 1488 quasi

5 1525 7 1577 '3
36 1494 191 1557 oratoria
217 1494 353 1557 exercitii
371 1514 478 1575 qenere
499 1494 535 1557 in
556 1498 718 1575 utramque
733 1499 857 1573 partem
878 1494 1062 1571 disserendi;

5 1601 6 1647 3
36 1582 123 1657 quoa
147 1581 210 1644 ille
229 1581 330 1660 fasae
353 1580 475 1662 solebat,
496 1585 533 1644 ut
553 1582 632 1646 alias
649 1581 796 1663 quidlibet
810 1582 980 1645 adserentes
991 1602 1062 1663 pas·

5 1671 82 1729 'sset
104 1670 265 1749 refutare
303 1668 389 1733 Eam
410 1670 659 1751 disputationem,
685 1688 748 1749 qua
769 1670 891 1733 iustitia
912 1672 1062 1749 evertitur,

39 1758 132 1833 aptld
158 1754 336 1823 Gueronan
363 1756 401 1823 L
423 1756 544 1822 Furius
569 1757 759 1833 recordatur,
788 1758 888 1835 neda,
915 1760 1063 1858 quoniam

39 1842 76 1906 de
104 1845 294 1927 republica
316 1845 491 1923 disserebat,
518 1850 555 1909 ut
575 1845 778 1946 defensionum
800 1806 1063 1932 landdtiouemque

43 1931 113 1996 eius
137 1934 306 2011 induceret,
286 1935 395 1998 tsine
416 1954 478 2015 qua
494 1934 627 2015 putabat
647 1935 713 2016 reqi
733 1954 796 1998 non
813 1954 901 2015 posse
921 1956 987 1999 rem
1002 1958 1063 2018 pu

44 2016 176 2085 umam
221 2020 394 2087 Carneades
422 2027 537 2099 auum,
566 2026 602 2085 ut
629 2022 823 2087 Aristotelem
851 2023 999 2102 refelleret
1026 2045 1062 2088 ae

8 2120 35 2158 20
47 2104 265 2187 Platonemf
251 2130 301 2174 uu
302 2112 388 2174 titiae
405 2071 562 2191 patrorsds,
578 2110 688 2210 priato
708 2110 766 2173 illa
783 2110 986 2191 disputatione
1002 2113 1061 2176 aol-

47 2193 124 2275 leqit
153 2218 191 2262 ea
217 2199 336 2279 omnia,
362 2217 440 2279 quae
463 2218 522 2279 pro
548 2198 648 2261 iustit
635 2218 669 2260 aa
624 2198 945 2274 tdioebantur,t
908 2204 945 2262 ut
959 2206 1062 2280 posset

47 2282 117 2363 illa,
137 2288 205 2351 sion
207 2287 312 2366 tfeoit,
331 2290 465 2349 mertem.
487 2284 685 2366 (Lactantius
697 2286 840 2349 enstdiu
856 2286 940 2350 V14.
952 2292 1037 2351 3-5
1039 2287 1062 2369 )

119 2373 264 2437 Plurimi
285 2374 406 2454 quidem
422 2372 682 2456 pbilosophorum,
704 2374 758 2438 sed
773 2374 907 2436 neanime
923 2372 1064 2437 Platat
1034 2380 1064 2438 et
1081 2354 1114 2480 70

49 2458 236 2526 Aristoteles
263 2462 300 2525 de
325 2462 425 2526 iustit'
413 2482 446 2525 ia
401 2461 572 2525 tmulta
597 2462 743 2525 dixerunt
766 2462 936 2525 adserentes
962 2465 1048 2525 eteu

20 2550 65 2607 ²⁵t
53 2548 195 2614 tollentes
217 2569 285 2613 earn
305 2568 427 2613 sumum
449 2550 539 2613 laude
560 2549 715 2626 uirtutem,
743 2549 826 2629 quod
844 2567 935 2611 suum
956 2550 1063 2630 neusse

52 2637 182 2719 tribuat,
205 2637 287 2717 quad
306 2639 487 2719 aequitatem
509 2638 544 2700 in
566 2637 706 2701 omnibus
727 2640 836 2713 seruet·
859 2640 889 2699 et
904 2656 973 2700 eum
991 2641 1061 2701 eete-

54 2741 109 2789 rae
138 2727 267 2790 virtutes
292 2726 382 2806 quasi
409 2726 518 2789 tacitae
543 2725 607 2788 sint
634 2730 663 2788 et
684 2726 770 2789 intus
791 2725 939 2809 inclusae,
965 2724 1062 2790 salam

54 2830 117 2878 esse
146 2815 313 2890 iustitiam,
342 2833 420 2894 quae
446 2834 499 2877 nee
524 2812 584 2877 sibi
610 2816 732 2876 tantum
759 2814 922 2877 sanabala
947 2815 991 2878 sit
1010 2832 1063 2877 nee

55 2902 188 2978 aconita,
215 2902 268 2965 sed
293 2900 381 2980 foras
407 2905 471 2965 tota
486 2902 664 2981 promineat
685 2905 715 2965 et
734 2902 778 2965 ad
798 2901 868 2965 bene
887 2901 1063 2981 faciendum

23 2997 44 3038 ³⁰
52 3007 159 3067 mana
180 2991 230 3071 sit,
251 2994 287 3053 ut
307 3010 401 3070 qeeam
417 2990 566 3070 plurimis
585 2990 692 3070 prosit.
729 2989 828 3069 Quasi·
843 3009 912 3052 aera
929 2990 965 3052 in
982 2990 1062 3052 iiidi-

56 3078 143 3142 eibus
168 3078 243 3141 solis
269 3082 358 3158 atque
383 3078 419 3141 in
442 3081 586 3157 potestate
612 3078 720 3158 aliqum
745 3077 916 3140 constitutis
941 3077 1062 3140 mestitia

6 3218 19 3235 .
58 3184 121 3231 esse
141 3166 246 3231 debeat
266 3170 295 3229 et
314 3186 378 3229 non
398 3167 434 3229 iu
455 3165 612 3229 omnibus!
638 3165 759 3245 Atquin
780 3164 886 3228 nullus
908 3168 953 3228 est
967 3162 1062 3227 hami·
1081 3175 1111 3224 11

5 3292 7 3297 ·
59 3273 136 3317 num
166 3274 205 3317 ne
235 3255 414 3335 intimorum
444 3254 565 3335 quidem
596 3273 633 3316 ae
659 3252 878 3328 mendicarum,
911 3252 946 3314 in
973 3270 1062 3331 quem

61 3342 179 3407 iustitia
198 3343 302 3406 eadere
319 3362 381 3405 nou
393 3342 500 3423 possit.
526 3338 589 3406 Sed
599 3340 675 3421 quia
686 3338 878 3421 mumolum,
895 3340 971 3419 quid
981 3342 1063 3417 esset,

29 3438 51 3480 ³5
63 3430 141 3495 sende
157 3430 330 3512 proflenmt,
352 3430 428 3511 quid
448 3429 547 3510 operis
568 3428 696 3504 haberet,
717 3446 871 3490 sumnum
893 3428 981 3491 illam
1001 3428 1062 3491 uir·

64 3521 161 3594 tutem,
183 3517 218 3581 id
239 3521 283 3581 est
299 3537 455 3581 commune
472 3518 610 3580 omnium
628 3515 747 3592 bonuau
764 3516 877 3596 pauens
894 3516 1064 3581 tribuerunt

65 3624 184 3688 eamque
209 3604 314 3669 nullas
340 3605 488 3669 utilitates
508 3605 657 3686 proprias
683 3604 848 3687 aueupari,
874 3605 928 3670 sed
951 3605 1063 3671 alienis
