2675 4209
256 252 323 316 324
612 252 661 307 DE
680 251 729 305 RE
746 250 903 306 PUBLIGA

256 395 447 461 constitutio
461 395 593 461 Romuli
615 418 689 461 cum
711 395 866 461 ducentos
884 416 987 460 annos
1005 398 1039 461 et
1056 396 1176 482 viginti
1193 397 1260 463 fers

256 484 351 548 firma
374 484 627 549 mansisset...
669 484 810 566 (Nouius
825 505 859 564 p.
881 487 954 549 526.
978 486 1024 567 7.)

324 573 425 652 [Hiar
449 578 504 650 est,
532 573 613 654 quod
636 572 768 654 reputem
789 572 1028 637 dominationes
1049 593 1114 637 aon
1133 573 1262 653 fcrcrtes

255 680 365 725 annuc
386 662 517 742 imperia
539 660 681 741 timeque
701 661 899 740 imperotores
919 660 979 725 sebi
995 660 1099 739 fecere,
1121 663 1176 742 qui
1192 682 1260 725 cou-

256 750 336 813 sules
357 749 504 830 appellati
525 752 599 813 suut
619 768 641 810 a
662 748 856 825 consulendo,
877 768 941 811 nou
962 768 1046 829 repes
1066 754 1124 812 aut
1143 750 1262 813 warni
1285 765 1297 806 ι

254 857 278 900 c
303 837 458 917 raynaudo
484 841 574 917 atque
600 836 795 899 dominando.
839 834 1050 918 (Aupustinus
1074 838 1112 903 dc
1135 838 1191 902 cio.
1213 838 1263 903 dci

256 1039 284 1091 p.
304 924 391 1090 35])]
427 1010 560 1075 ...lex
578 1010 637 1073 illa
654 1012 727 1073 tota
745 1010 876 1075 sublata
891 1013 949 1075 est.
981 1009 1053 1076 Hac
1068 1015 1263 1077 mentatum
1307 1019 1314 1066 ⁸

256 1098 362 1163 nostri
389 1098 527 1163 maiores
556 1101 589 1162 et
614 1097 823 1162 Conlatinum
848 1099 1052 1164 innocentem
1079 1100 1262 1184 suspicione

258 1186 460 1271 cognationis
490 1186 682 1269 expulerunt
711 1189 744 1249 et
772 1185 915 1269 reliquos
942 1186 1136 1270 Tarquinios
1165 1189 1298 1252 offen-1⁰

258 1275 347 1339 sione
369 1272 523 1356 nominis3
546 1273 721 1356 eademque
743 1277 851 1337 mente
872 1272 908 1338 P.
926 1272 1078 1339 Valerius
1101 1279 1136 1339 et
1156 1275 1263 1341 fasces

256 1362 381 1447 primus
405 1361 532 1427 demitti
554 1361 663 1443 iussit,
687 1383 760 1425 cum
784 1361 888 1425 dicere
910 1361 946 1424 in
967 1362 1118 1427 contione
1140 1365 1264 1448 coepis-

255 1454 318 1534 set,
349 1454 382 1515 et
414 1449 502 1514 aedis
532 1470 606 1513 suas
634 1449 752 1512 detulit
778 1450 839 1513 sub
865 1447 1009 1532 Veliam,
1038 1454 1264 1536 posteaquam,

256 1539 342 1623 quod
367 1538 402 1602 in
424 1537 598 1602 excelsiore
620 1539 691 1602 loco
713 1535 827 1601 Veliae
850 1536 1010 1620 coepisset
1031 1538 1201 1603 aedificare
1226 1563 1263 1606 eo

254 1656 283 1707 p.
302 1628 349 1707 36]
372 1626 458 1709 ipso,
484 1625 540 1690 ubi
563 1646 620 1689 rex
638 1625 643 1708 Ι
664 1624 779 1687 Tullus
801 1623 1022 1708 habitaverat,
1045 1627 1264 1710 suspicionem
1276 1644 1298 1685 1⁵

255 1714 369 1800 populi
391 1713 492 1777 sensit
515 1713 650 1794 moveri3
679 1712 840 1796 idemque,
863 1713 983 1795 inquo
1006 1713 1070 1777 fuit
1091 1712 1265 1781 Publicola

256 1802 404 1883 maxime,
426 1802 532 1885 legem
556 1799 597 1863 ad
619 1800 776 1883 populum
797 1800 876 1863 tulit
899 1822 979 1884 eam,
1003 1823 1085 1884 quae
1103 1805 1265 1869 centuria-

256 1890 299 1953 tis
323 1888 462 1953 comitiis
486 1887 591 1971 prima
608 1887 679 1951 lata
697 1890 755 1970 est,
777 1909 818 1951 ne
837 1888 908 1971 quis
927 1890 1140 1974 magistratus
1157 1892 1265 1957 civem

229 2050 231 2055 ,
256 1978 438 2042 Romanum
467 1976 620 2038 adversus
648 1975 911 2058 provocationem
937 1981 1068 2041 necaret
1089 2000 1169 2043 neve
1193 2002 1264 2044 ver-

203 2081 238 2130 54
255 2067 392 2129 beraret.
428 2062 697 2127 Provocationem
720 2066 827 2126 autem
851 2064 950 2127 etiarn
973 2086 993 2128 a
1010 2066 1142 2151 regibus
1160 2066 1300 2132 brisseio

256 2154 422 2217 declarant
461 2150 620 2235 pontificii
660 2150 750 2234 libri,
791 2151 976 2235 significant
1015 2155 1121 2218 nostri
1161 2156 1264 2220 etiam

255 2270 283 2322 p.
303 2242 367 2321 119]
392 2239 573 2324 augurales,
594 2237 759 2322 litemque
782 2240 824 2302 ab
847 2240 936 2302 omni
958 2236 1075 2305 iudicio
1093 2264 1265 2327 poenaque

254 2328 424 2414 provocari
447 2326 543 2391 licere
566 2326 709 2389 indicant
732 2345 783 2390 ΧΠ
805 2327 937 2391 tabulae
956 2330 1163 2412 conpluribus
1182 2331 1265 2417 legi·

255 2419 329 2501 bus3
352 2421 385 2480 et
408 2415 494 2499 quod
516 2414 682 2499 proditum
705 2414 879 2478 memoriae
902 2419 966 2497 est,
989 2417 1115 2501 xviros,
1138 2420 1194 2501 qui
1217 2420 1265 2484 le

255 2527 312 2590 ges
337 2503 534 2587 scripserint,
558 2503 625 2565 sine
644 2502 875 2585 provocatione
893 2507 1029 2586 creatos,
1053 2506 1134 2570 satis
1153 2509 1264 2572 osten·
1278 2524 1298 2564 a

255 2593 339 2657 derit
357 2591 499 2674 reliquos
514 2591 583 2653 sine
596 2590 826 2673 provocatione
840 2590 1053 2675 magistratus
1067 2614 1134 2658 non
1146 2594 1265 2680 fuisse3

254 2679 408 2763 Luciique
430 2676 555 2741 Valerii
576 2676 680 2740 Potiti
707 2680 740 2740 et
762 2676 804 2741 M.
827 2676 958 2742 Horatii
980 2678 1130 2765 Barbati,
1157 2682 1266 2749 homi-

254 2790 333 2831 num
356 2766 544 2831 concordiae
567 2786 664 2829 causa
688 2765 851 2849 sapienter
873 2765 1091 2852 popularium,
1115 2773 1265 2836 consula-

255 2884 282 2935 p.
304 2855 368 2933 120]
392 2852 437 2916 ris
465 2854 517 2917 lex
544 2854 664 2936 sanxit,
689 2854 694 2935 Ι
718 2853 838 2937 nequi
861 2854 1073 2939 magistratus
1096 2856 1165 2922 sine
1187 2881 1264 2943 pro-

254 2942 423 3008 vocatione
452 2944 628 3023 crearetur3
657 2962 762 3023 neque
788 2962 864 3005 vero
892 2941 981 3027 leges
1003 2941 1150 3028 Porciae,
1176 2968 1264 3029 quae
1277 2966 1299 3005 so

246 3036 321 3096 vtres
346 3032 421 3094 sunt
443 3030 542 3093 trium
564 3027 766 3111 Porciorum,
787 3031 826 3093 nt
848 3029 952 3112 scitis,
976 3031 1146 3115 quicquam
1168 3056 1265 3118 prae·

202 3132 236 3182 55
254 3124 306 3184 ter
328 3118 527 3183 sanctionem
548 3116 729 3181 attulerunt
746 3116 832 3181 novi.
866 3115 981 3201 Itaque
999 3118 1168 3188 Publicola
1185 3122 1264 3209 lege

254 3209 313 3272 illa
336 3207 375 3271 de
393 3206 622 3291 provocatione
640 3205 769 3288 perlata
787 3204 899 3268 statim
918 3206 1039 3270 securis
1057 3208 1096 3271 de
1113 3208 1262 3277 fascibus

254 3296 339 3359 demi
350 3294 446 3359 iussit
455 3292 676 3378 postridieque
684 3292 747 3356 sibi
757 3294 917 3377 collegam
927 3291 980 3377 Sp.
989 3293 1175 3360 Lucretium
1186 3300 1264 3364 sub·

253 3382 384 3467 rogavit
398 3403 536 3465 suosque
556 3382 596 3444 ad
615 3402 697 3463 eum,
716 3380 886 3463 quoderat
905 3382 1008 3446 maior
1021 3387 1109 3467 natu,
1126 3384 1263 3453 lictores
1277 3404 1298 3445 a

253 3496 281 3549 p.
301 3470 366 3548 185]
389 3470 528 3532 transire
550 3466 655 3553 iusjsit
677 3467 883 3549 instituitque
904 3469 1037 3552 primus,
1059 3474 1096 3533 ut
1120 3472 1263 3559 singulis

253 3554 438 3619 consulibus
475 3556 609 3619 alternis
644 3553 809 3618 mensibus
842 3554 972 3621 lictores
1003 3558 1182 3641 praeirent,
1218 3585 1263 3629 ne
