2675 4209
210 243 276 308 376
572 241 621 295 on
639 241 862 295 accusarer

158 366 247 492 2213(7)
316 385 401 462 Quin
428 386 527 450 etiam
556 384 584 448 si
611 385 721 470 cupiat
743 385 852 468 proles
874 384 935 450 illa
956 384 1143 449 futurorum
1167 384 1251 449 ho-

192 475 333 539 'minum
356 473 505 559 deinceps
528 472 639 537 laudes
662 472 758 537 unius
781 472 936 555 cuiusque
957 476 1111 538 nostrum
1129 496 1150 537 a
1169 495 1248 557 pa-

208 564 315 628 tribus
343 565 493 645 acceptas
520 560 660 645 posteris
683 560 833 644 prodere,
862 564 975 625 tamen
997 564 1135 644 propter
1158 562 1247 625 elu-

208 652 321 716 viones
344 650 592 732 exustionesque
615 652 786 731 terrarum,
809 670 890 731 quas
909 648 1054 713 accidere
1073 652 1244 732 tempore

209 744 297 804 certo
315 759 446 803 necesse
460 741 521 819 est,
537 758 604 801 non
617 736 714 800 modo
730 738 821 817 [non]
836 740 1013 819 aeternam,
1027 736 1084 800 sed
1097 759 1140 801 ne
1155 737 1244 801 diu-
1274 758 1303 797 5

208 830 339 892 turnam
355 826 484 910 quidem
498 824 637 909 gloriam
652 824 785 907 adsequi
798 846 982 908 possumus.
1011 822 1095 899 Quid
1110 828 1241 890 autem

208 915 344 978 interest
368 914 410 979 ab
432 913 487 996 iis,
515 912 570 996 qui
592 916 708 996 postea
730 916 916 995 nascentur,
944 933 1128 977 sermonem
1150 912 1243 978 fore

210 1001 249 1065 de
276 1005 323 1086 te,
352 1022 425 1066 cum
448 1001 490 1065 ab
512 1000 553 1065 iis
576 1000 686 1064 nullus
708 998 821 1083 fuerit,
849 1000 905 1084 qui
928 1003 1005 1065 ante
1027 1001 1099 1064 nati
1122 1002 1242 1066 sunt?

156 1059 199 1183 ἕξ
211 1089 267 1173 qui
287 1111 346 1155 nec
368 1088 535 1173 pauciores
560 1092 592 1152 et
610 1092 697 1152 certe
716 1087 867 1152 meliores
884 1087 1017 1152 fuerunt
1035 1088 1109 1171 viri,
1131 1110 1242 1172 prae·

210 1178 323 1242 sertim
353 1198 426 1241 cum
454 1176 539 1259 apud
567 1196 622 1239 eos
649 1176 752 1259 ipsos,
782 1197 803 1239 a
830 1175 947 1259 quibus
973 1175 1080 1240 audiri
1102 1198 1241 1242 nomen
1267 1200 1314 1238 ιο

208 1269 357 1330 nostrum
380 1266 499 1348 potest,
521 1284 616 1327 nemo
639 1263 733 1326 unius
757 1262 834 1327 anni
856 1264 1048 1328 memoriam
1067 1266 1240 1348 consequi

209 1353 322 1437 possit.
349 1351 507 1417 Homines
525 1350 612 1415 enim
625 1350 828 1435 populariter
841 1373 963 1416 annum
976 1355 1110 1416 tantum
1124 1354 1235 1418 modo

210 1441 298 1523 solis,
320 1441 355 1505 id
377 1444 428 1504 est
450 1439 545 1503 unius
564 1439 654 1521 astri,
677 1438 784 1502 reditu
802 1440 994 1523 metiuntur3
1018 1461 1092 1504 cum
1111 1444 1236 1506 autem

210 1528 251 1593 ad
286 1528 387 1612 idem,
422 1528 506 1591 unde
545 1526 643 1591 semel
676 1526 823 1609 profecta
855 1531 944 1608 sunt,
981 1531 1099 1592 cuncta
1132 1532 1237 1594 astra

209 1616 363 1680 redierint
392 1616 588 1698 eandemque
611 1614 714 1679 totius
737 1615 819 1678 caeli
842 1614 1088 1699 discriptionem
1111 1616 1234 1701 longis
1258 1637 1299 1677 15

208 1703 391 1767 intervallis
424 1702 623 1783 rettulerint,
654 1704 726 1765 tum
756 1702 814 1766 illc
844 1724 920 1766 vere
951 1707 1083 1767 vertens
1117 1726 1233 1769 annus

209 1789 378 1940 lttltt
391 1788 734 1940 ttttttttt
752 1789 856 1942 lili
871 1790 977 1942 tlt
985 1794 1234 1945 tltttllt

211 1963 261 2029 sol
279 1963 465 2029 hominibus
485 1962 711 2047 exstinguique
729 1965 818 2029 visus
837 1900 897 2047 eit,
918 1988 991 2030 cum
1006 1966 1142 2031 Romuli
1156 1969 1231 2033 ani-

211 2073 282 2117 mus
309 2053 389 2117 haee
415 2051 488 2135 ipse
513 2052 557 2129 in,
574 2051 700 2135 templa
725 2054 922 2136 penetravit,
957 2055 1151 2139 quandoque
1180 2057 1229 2121 ab
1250 2078 1288 2116 20

211 2139 322 2204 eadem
350 2143 443 2224 parte
472 2140 522 2204 sol
548 2139 723 2224 eodemque
746 2144 892 2226 tempore
914 2141 1035 2206 iterum
1059 2143 1231 2228 defecerit,

209 2232 281 2293 tum
305 2228 407 2313 signis
429 2228 578 2292 omnibus
598 2226 639 2291 ad
656 2228 852 2312 principium
871 2229 1040 2314 stellisque
1058 2233 1229 2297 revocatis
1322 2301 1323 2308 χ

210 2318 375 2400 expletum
402 2338 522 2381 annum
547 2315 682 2400 habet03
709 2316 799 2380 cuius
823 2317 953 2400 quidem
976 2318 1054 2383 anni
1076 2321 1228 2385 nondum
1321 2313 1323 2396 ἶ

210 2405 397 2469 vicesimam
420 2408 548 2489 partem
572 2402 653 2467 scito
677 2425 747 2468 esse
771 2425 969 2470 conversam.
1321 2407 1322 2494 l

157 2460 199 2589 ἕξ
277 2492 433 2567 Quocirca
461 2492 489 2555 si
515 2491 655 2556 reditum
682 2491 717 2555 in
743 2490 828 2557 hunc
855 2493 963 2558 locum
986 2494 1226 2581 desperaveris,
1244 2517 1277 2557 25
1320 2553 1321 2558 ,

209 2581 245 2644 in
278 2602 342 2663 quo
380 2579 490 2644 omnia
521 2582 598 2643 sunt
628 2578 757 2664 magnis
789 2582 822 2643 et
853 2583 1100 2664 praestantibus
1132 2584 1227 2669 viris,
1320 2567 1321 2640 l

211 2668 325 2749 quanti
352 2668 485 2731 tandem
512 2670 563 2730 est
589 2666 654 2731 ista
677 2666 844 2731 hominum
868 2669 988 2754 gloria,
1015 2692 1100 2753 quae
1122 2674 1227 2756 pcrti-
1319 2701 1321 2786 q

210 2775 286 2818 nere
304 2754 359 2818 vix
378 2755 419 2818 ad
437 2754 531 2819 unius
550 2754 627 2818 anni
644 2757 772 2838 partem
790 2755 941 2840 exiguam
957 2760 1091 2841 potest?
1113 2758 1226 2844 Igitur
1318 2797 1319 2824 l

211 2840 277 2906 alte
301 2846 447 2926 spectare
471 2842 499 2906 si
520 2842 611 2906 voles
635 2845 732 2925 atque
754 2841 839 2906 hanc
862 2844 971 2909 sedem
995 2848 1028 2909 et
1051 2850 1225 2913 aeternam
1317 2831 1320 2934 l

211 2929 342 2994 domum
365 2930 519 3014 contueri,
541 2950 644 3012 ncquc
667 2932 701 2992 te
724 2930 928 2996 sermonibus
946 2933 1040 3018 vulgi
1059 2934 1224 3001 dedideris
1241 2955 1270 2995 so

208 3018 330 3083 necin
360 3018 513 3103 praemiis
540 3016 690 3081 humanis
720 3038 811 3101 spem
837 3020 985 3103 posueris
1013 3043 1124 3086 rerum
1151 3027 1225 3089 tua·
1316 2967 1319 3080 l

209 3128 295 3190 rum3
323 3108 390 3172 suis
417 3110 450 3171 tc
474 3108 605 3189 oportet
626 3104 796 3169 inlecebris
819 3106 892 3191 ipsa
914 3108 1019 3173 virtus
1043 3110 1159 3176 trahat
1181 3114 1225 3177 ad
1316 3105 1317 3114 ¹

210 3214 323 3259 verum
345 3196 455 3277 decus,
483 3192 560 3277 quid
582 3192 621 3255 de
644 3194 678 3255 te
701 3192 759 3255 alii
780 3193 969 3278 loquantur,
991 3196 1057 3281 ipsi
1079 3198 1225 3285 videant,

211 3280 267 3343 sed
289 3282 464 3366 loquentur
485 3285 604 3344 tamen.
640 3276 753 3343 Sermo
776 3284 885 3345 autem
909 3284 1014 3348 omnis
1036 3286 1095 3351 ille
1115 3290 1149 3351 et
1168 3310 1225 3353 an·

211 3367 328 3448 gustiis
348 3368 489 3453 cingitur
507 3367 548 3431 iis
566 3366 744 3451 regionum,
767 3388 848 3449 quas
865 3368 965 3452 vides,
986 3392 1047 3436 nec
1065 3396 1224 3458 umquam
1237 3394 1265 3435 se

211 3451 250 3512 de
272 3455 340 3518 ullo
363 3454 513 3539 perennis
536 3454 599 3518 fuit
622 3458 655 3519 et
679 3453 827 3518 obruitur
844 3455 1013 3522 hominum
1031 3458 1172 3528 interitu
1191 3470 1225 3530 et

211 3536 374 3604 oblivione
395 3541 601 3625 posteritatis
624 3541 833 3625 extinguitur.
1313 3537 1314 3542 ¹

1314 2027 1326 2090 i
