2675 4209
251 272 317 339 336
475 316 478 321 .
620 272 669 327 us
687 273 736 327 us
754 272 910 328 euenor

252 422 374 483 tanam
394 418 558 491 commodis
579 419 699 485 tacdae
718 420 871 484 direnmt.
906 418 972 484 Neo
992 418 1154 484 immerito
1174 421 1278 485 extitit
1312 417 1313 482 ἲ

251 501 434 585 Carneades,
455 507 543 572 tomo
565 526 684 572 aemma
704 508 828 589 inponis
848 511 880 572 et
898 508 1049 585 mimine,
1070 507 1128 587 qui
1153 510 1277 587 refelle
1312 505 1313 508 ’

250 601 299 659 ret
322 596 454 661 niumm
479 596 648 659 mutiam
674 600 705 659 et
723 595 890 674 iristitiam,
918 614 998 676 pede
1023 596 1278 675 fundamentum

251 682 359 749 stabile
388 702 453 749 non
483 682 623 765 habebat,
653 688 806 765 werteret,
835 702 899 747 non
924 684 1002 763 quoio
1026 683 1278 764 auperanaam
1312 747 1313 760 ,

251 790 312 837 esse
333 772 486 837 sautum
507 771 660 853 sentiebat,
682 771 736 836 sed
756 776 793 835 ut
808 771 879 835 ilios
894 771 1065 850 defensores
1080 771 1154 836 eius
1174 767 1313 836 osai-s}

250 860 333 923 deret
352 858 433 923 nihil
453 860 535 937 ortt,
557 858 637 923 aaa
658 859 745 940 firmi
766 860 803 923 de
822 859 945 923 iustitia
965 859 1132 940 dispuwre
1176 858 1278 941 (Lae
1312 907 1313 931 ,

252 948 369 1011 antius
391 948 510 1027 epitom
532 948 581 1011 55.
603 948 715 1028 5-s.)
1295 934 1313 1068 p

317 1034 366 1098 M.
400 1035 523 1099 Tullius
552 1034 589 1099 de
617 1053 653 1099 re
677 1034 806 1115 ptebliw
835 1034 888 1099 aa
917 1033 977 1098 ΙΙ.·
1008 1032 1145 1099 Iustitia
1181 1035 1313 1140 forasp

252 1123 380 1206 spectat
409 1125 442 1185 et
470 1121 618 1206 proiecta
642 1125 717 1185 tota
743 1126 794 1187 est
820 1126 919 1206 atque
945 1110 1076 1185 ordinet.
1122 1122 1277 1204 (Nonius

274 1215 377 1275 ‚373.
399 1213 450 1276 25.
1286 1221 1309 1265 ¹0

247 1230 273 1296 P
318 1303 364 1363 M.
387 1208 511 1363 faldas
531 1298 569 1363 de
588 1317 623 1363 re
638 1298 725 1379 probi.
748 1297 798 1363 lib.
816 1296 875 1361 ΙΙ.·
899 1295 988 1372 Quae
1005 1297 1113 1361 virtus
1132 1302 1275 1383 praeter
1307 1365 1309 1374 ,

252 1388 376 1451 ceteras
403 1388 509 1450 totam
539 1407 573 1450 se
604 1385 644 1450 ad
673 1385 796 1450 alienas
822 1385 964 1470 porrigit
985 1385 1141 1449 utilitatis
1169 1391 1273 1470 atque

253 1474 400 1557 explieat.
435 1473 576 1557 (Nouius
594 1494 626 1555 p.
647 1478 723 1539 299.
744 1473 811 1549 30.)
1304 1533 1309 1558 ,

213 1544 279 1641 31).
298 1565 364 1642 205]
439 1565 554 1626 ....et
575 1561 733 1646 reperiret
756 1564 789 1624 et
810 1564 964 1645 tueretur,
988 1561 1073 1625 alter
1091 1565 1212 1627 autem
1233 1561 1271 1626 de
1305 1633 1308 1642 Ι

202 1621 233 1671 12
251 1649 465 1819 1psaOplursytitia
478 1652 633 1800 quapltipor
646 1648 796 1733 implevit
810 1670 887 1713 sane
900 1649 1032 1800 grapidis
1042 1650 1163 1801 lilpiroa
1178 1650 1217 1714 N
1217 1671 1271 1749 ani
1282 1660 1310 1753 ¹⁵:

253 1760 273 1801 a
398 1759 426 1800 s1
473 1758 543 1800 om
608 1758 662 1801 ma
709 1758 837 1802 umnec
850 1759 905 1801 ma
928 1758 962 1801 n1
986 1759 1058 1802 oum
1095 1759 1230 1802 es1oera
1303 1753 1307 1770 ‘

253 1824 309 1908 qui
336 1846 394 1888 suo
423 1759 563 1907 ddodam
590 1758 861 1907 mordloquitur,
887 1758 928 1889 ud
952 1824 1062 1889 omnia
1088 1760 1270 1890 verboru}
1303 1778 1307 1916 l

253 1910 440 1994 momentis,
466 1933 533 1977 non
559 1934 667 1976 rerum
690 1913 886 1997 ponderibus
909 1913 1078 1976 examinet.
1123 1912 1268 1979 Illorum
1312 1945 1314 1962 ι

252 2000 316 2065 fuit
338 2001 474 2065 heroum
497 2022 569 2064 eam
587 2001 751 2083 virtutem,
775 2022 857 2084 quae
876 2005 925 2065 est
942 2023 1017 2085 una,
1039 2001 1068 2065 si
1086 2002 1187 2066 modo
1208 2004 1268 2083 est,

253 2089 392 2153 maxime
421 2089 572 2153 munifica
599 2093 632 2153 et
660 2089 819 2171 liberalis,
851 2094 885 2153 et
912 2110 994 2172 quae
1021 2090 1127 2153 omnis
1153 2088 1266 2173 magis
1304 2100 1309 2135 ²

252 2205 280 2256 p.
300 2178 366 2257 206]
395 2199 493 2261 quam
520 2198 613 2261 sepse
640 2176 763 2261 diligit,
792 2175 866 2241 aliis
893 2181 972 2240 nata
998 2177 1108 2261 potius
1132 2177 1138 2260 Ι
1162 2199 1266 2261 quam

254 2264 326 2349 sibi,
344 2265 483 2329 excitare
501 2265 661 2329 iacentem
680 2269 713 2328 et
734 2264 769 2329 in
787 2264 845 2329 illo
863 2264 972 2328 divino
986 2265 1069 2328 solio
1082 2287 1150 2329 non
1162 2266 1266 2350 longe

203 2368 275 2419 lea
308 2353 468 2439 sapientia
499 2353 678 2417 conlocare.
721 2351 791 2417 Neo
821 2374 898 2417 vero
927 2352 995 2416 illis
1025 2356 1082 2416 aut
1109 2353 1263 2418 voluntas

254 2442 355 2507 defuit
383 2440 480 2527 (quae
508 2440 593 2505 eninr
620 2440 661 2505 iis
691 2440 852 2504 scribendi
879 2440 946 2504 alia
974 2461 1072 2505 eausa
1095 2445 1152 2505 aut
1176 2439 1264 2526 quod

254 2531 384 2596 omnino
413 2529 584 2594 eonsilium
609 2526 710 2612 fuiti)
737 2531 795 2592 aut
816 2528 997 2613 ingenium,
1020 2549 1083 2611 quo
1107 2532 1289 2593 omnibusa

252 2617 499 2702 praestiterint,
536 2616 591 2681 sed
624 2638 736 2681 eorum
768 2619 801 2680 et
832 2616 1035 2680 voluntatem
1068 2620 1102 2680 et
1133 2619 1261 2701 copiam

254 2727 351 2769 eausa
377 2704 464 2768 vioit.
508 2703 564 2767 Ius
592 2705 691 2786 enim,
719 2703 758 2768 de
781 2726 845 2786 quo
868 2704 1066 2787 quaerimus,
1092 2704 1189 2769 civile
1214 2706 1261 2769 est

254 2791 399 2874 aliquod,
433 2792 583 2855 naturale
616 2793 758 2874 nullum,
793 2814 870 2855 nam
901 2791 930 2855 si
957 2794 1056 2875 esset,
1087 2796 1126 2856 ut
1156 2792 1261 2857 calida

254 2883 288 2945 et
317 2879 451 2963 frigida,
482 2884 520 2943 ut
551 2902 663 2944 amara
689 2884 723 2943 et
750 2879 868 2961 dulcia,
900 2879 947 2944 sio
973 2883 1083 2943 essent
1111 2880 1202 2945 iusta
1230 2882 1261 2943 et

214 2964 503 3119 9p.1ssin1iuste{
525 2968 636 3068 eadetn
659 2967 819 3119 ornnilspls.
844 3054 871 3118 P
957 3056 963 3069 .
1058 3054 1083 3083 ‹·
1166 3056 1189 3119 h
1269 2976 1311 3016 ³⁰5

202 3115 235 3164 ¹⁴
253 3074 1259 3229 ,lalllsslla'alllilalllllll{lull

252 3235 348 3299 urbes
382 3231 544 3316 despicere
577 3234 609 3295 et
641 3232 743 3296 oeulis
772 3232 973 3296 conlustrare
1001 3230 1121 3314 possit,
1151 3231 1257 3295 videat

251 3322 393 3406 primurn
411 3319 446 3383 in
463 3320 522 3384 illa
539 3320 728 3403 incorrupta
744 3319 884 3383 maxime
902 3322 999 3401 gente
1013 3317 1254 3403 Aegyptiorum,

252 3429 334 3491 quae
355 3407 569 3491 plurimorum
589 3408 791 3472 saeculorum
810 3410 842 3470 et
861 3408 1050 3469 eventorum
1069 3408 1283 3471 memoriam⁸⁵

252 3494 372 3558 litteris
396 3495 553 3579 eontinet,
576 3495 694 3560 bovem
717 3494 877 3577 quendam
899 3492 1009 3576 putari
1032 3492 1141 3576 deum,
1165 3513 1252 3578 quem

251 3582 351 3666 Apim
364 3580 521 3667 Aegyptii
537 3583 717 3663 nominant,
735 3582 901 3665 multaque
920 3580 986 3645 alia
1003 3583 1158 3664 portenta
1175 3577 1254 3666 apud
