2675 4209
293 231 379 286 ΗΒ.
402 232 451 288 u.
477 230 555 286 CAP.
575 238 688 289 ee-ar.
707 237 722 298 ς
740 238 854 287 er-ca.
1031 232 1097 297 328

61 378 88 421 ea
103 362 231 434 fortuna
256 374 420 458 populi,
456 394 544 459 quae
563 375 674 460 posita
700 378 751 441 est
775 375 811 439 in
836 374 945 459 nnius,
971 378 1011 439 nt
1032 374 1098 439 dixi

59 452 141 533 antea,
163 458 212 522 eet
237 461 456 526 voluntate
480 465 531 527 vel
554 463 708 527 moribus.
1129 516 1150 559 0

106 535 211 641 Quare
241 549 378 631 prima
414 550 468 613 sit
494 551 573 615 haec
599 550 707 616 forma
733 554 767 614 et
793 550 931 634 species·
944 552 978 614 et
1005 516 1149 644 orig0253

56 617 175 725 lllrallffl
198 631 367 701 inventa
395 639 503 702 nobis
525 640 561 702 in
583 659 621 703 ea
643 660 679 703 re
701 638 840 722 publica,
864 660 962 721 quam
985 639 1026 718 [p.
1046 654 1097 702 189

37 721 209 814 wespa-ato
237 720 444 789 Romulus
467 726 658 808 condiderit,
685 747 751 790 non
774 728 809 789 in
830 725 902 808 illa,
930 747 1040 809 quam,
1062 728 1099 790 ut

52 807 238 889 persenpsit
264 810 413 897 Plato,
443 814 506 878 sibi
530 815 600 897 ipse
623 812 773 878 Socrates
795 813 961 898 tripertito
983 814 1042 878 illc
1064 814 1099 879 in

5 972 6 975 Ἴ
54 898 189 957 Stturone
218 897 458 984 depinxerit,
485 905 535 985 ut,
559 923 654 985 quem
679 902 719 965 ad
742 901 873 965 modum
896 901 1099 987 Tarquinius,

52 984 105 1034 ΗΘΒ
135 996 276 1081 Iroyam
310 993 532 1071 potestatem
559 993 688 1072 nactus,
720 989 791 1073 sed,
823 1012 920 1074 quam
946 991 1099 1075 habebat,

52 1073 117 1157 {1⁸11}
147 1078 292 1139 mruste
332 1081 456 1142 totum
488 1098 589 1163 genus
616 1078 679 1141 hoc
705 1078 814 1162 regiae
841 1078 984 1143 civitatis
1011 1102 1098 1145 ever·

30 1152 137 1241 ¹³ltr1t3
167 1158 218 1221 sit
249 1162 350 1230 huic
386 1167 554 1250 oppositus
578 1166 674 1248 alter,
702 1166 806 1230 bonus
828 1169 861 1231 et
885 1167 890 1249 Ι
915 1188 964 1231 sa·
986 1170 1027 1247 [p.
1047 1183 1099 1232 180

53 1249 136 1309 nens
170 1250 210 1310 et
244 1254 401 1335 peritus
431 1253 583 1317 utilitatis
614 1252 846 1338 dignitatisque
874 1254 979 1317 civilis
1006 1253 1099 1335 quasi

56 1318 138 1421 tutor
164 1338 203 1397 et
229 1345 453 1421 procurator
475 1342 523 1405 rei
544 1341 707 1425 publicae3
731 1341 777 1405 sic
799 1340 885 1403 enim
908 1339 1100 1423 appelletur,

57 1425 264 1507 lucumque
298 1431 375 1494 erit
396 1433 502 1494 rector
524 1432 557 1492 et
580 1429 779 1513 gubernator
801 1426 953 1491 civitatis.
997 1424 1100 1499 Quem

42 1513 161 1601 'vuum
191 1510 318 1581 facite
350 1520 388 1580 ut
412 1518 610 1602 agnoscatis3
637 1518 665 1579 is
688 1519 737 1577 est
761 1514 859 1595 enim,
887 1512 943 1595 qni
965 1514 1099 1580 consilio

33 1593 49 1631 ¹³
61 1584 98 1685 el·
108 1610 220 1676 Opera
242 1604 427 1670 civitatem
446 1605 529 1667 tueri
548 1606 665 1688 potest.
701 1600 793 1677 Quod
811 1599 964 1684 quoniam
982 1622 1100 1667 nomen

60 1689 168 1746 nunus
207 1696 270 1755 est
312 1693 419 1758 adhuc
450 1692 565 1756 tritum
593 1710 741 1755 sermone
767 1693 880 1754 nostro
907 1688 1100 1775 saepiusque

65 1776 166 1839 tenu·
209 1780 296 1846 eius
336 1780 478 1845 hominis
512 1780 574 1843 erit
604 1778 639 1843 in
669 1778 796 1862 reliqua
825 1777 921 1844 nobis
953 1779 1100 1846 oratione

64 1848 308 1935 tractandam.
324 1919 330 1932 .
346 1918 375 1932 ..

301 1990 539 2074 [Desideraatur
557 1990 693 2071 papiana
714 1990 893 2071 duodecim]

10 2111 15 2152 3
144 2138 178 2159 η
196 2145 204 2162 .
222 2120 307 2165 .sas
334 2094 503 2179 requisivit
530 2093 760 2178 civitatemque
787 2095 963 2181 optandam
986 2097 1028 2177 [p.
1048 2112 1098 2162 18‘1
1109 2067 1153 2133 3⁰

43 2175 186 2262 2⁰magis
214 2208 322 2273 quam
340 2184 552 2268 sperandam,
580 2205 678 2266 quam
701 2183 869 2248 minimam
891 2182 1013 2267 potuit,
1034 2206 1100 2249 non
1118 2146 1152 2195 ⁵²

77 2276 162 2340 (luae
183 2278 308 2357 posset
327 2294 405 2355 esse,
430 2270 537 2337 sedin
556 2292 620 2353 qua
638 2271 724 2335 ratio
742 2293 850 2334 rerum
869 2270 1013 2333 civilium
1031 2292 1101 2352 per·

79 2352 163 2431 lliti
189 2366 323 2449 posset,
346 2360 459 2425 effecit.
504 2358 577 2444 Ego
601 2364 719 2440 eutem,
743 2358 771 2419 si
794 2358 887 2439 [quo]
910 2354 1006 2417 mode
1030 2376 1102 2417 con-

80 2447 178 2533 sequi
203 2455 354 2537 potuere,
376 2447 558 2513 rationibus
582 2446 716 2527 eisdem,
740 2465 820 2527 quas
843 2441 900 2505 illc
923 2440 1013 2523 vidit,
1035 2462 1102 2505 non

80 2544 116 2591 m
144 2542 271 2604 umbra
287 2536 332 2601 'et
358 2536 500 2621 imagine
524 2534 679 2614 civitatiS,
707 2532 761 2595 sed
785 2530 819 2593 in
842 2528 1045 2614 amplissima
1066 2549 1101 2591 re

48 2620 71 2663 ²⁵
84 2621 226 2696 Publica
256 2627 374 2707 enitar,
405 2628 442 2688 ut
470 2623 622 2707 cuiusque
649 2624 682 2684 et
709 2619 787 2684 boni
813 2618 935 2704 publici
962 2622 995 2682 et
1022 2616 1102 2680 mali

85 2724 226 2781 eausam
247 2719 415 2797 tamquam
434 2711 562 2796 virgula
580 2710 691 2775 videar
710 2708 879 2795 attingere.
900 2708 904 2789 1
924 2706 969 2771 Iis
993 2708 1034 2787 [p.
1050 2721 1101 2771 188

88 2800 182 2867 enim
204 2802 304 2887 regiis
328 2800 543 2884 quadraginta
566 2800 659 2864 annis
684 2801 717 2861 ct
740 2798 884 2864 ducentis
907 2797 1004 2880 paulo
1029 2817 1101 2860 cum

88 2880 291 2973 interregnis
322 2887 390 2950 fere
420 2887 559 2967 amplius
587 2886 773 2970 praeteritis
800 2884 997 2968 expulsoque
1025 2883 1102 2948 Tar·

90 2975 207 3053 quinio
235 2975 364 3034 tantum
387 2972 496 3031 odium
518 2974 675 3053 populum
698 2972 880 3037 Romanum
902 2972 1023 3055 regalis
1046 2994 1102 3036 no·

53 3068 80 3109 ³0
95 3060 195 3120 minis
221 3053 340 3134 tenuit,
367 3057 523 3134 quantum
549 3060 699 3138 tenuerat
725 3062 801 3139 pest
824 3058 948 3120 obitum
971 3060 1023 3120 vel
1046 3080 1101 3140 po·

9 3148 23 3161 *
96 3142 165 3204 tius
201 3158 366 3203 excessum
397 3136 528 3201 Romuli
564 3140 764 3205 desiderium.
812 3142 927 3224 Itaque
962 3146 1000 3205 ut
1030 3146 1101 3208 tum

103 3250 208 3293 carere
235 3248 323 3313 rege,
351 3226 397 3292 sic
424 3223 518 3309 pulso
542 3224 717 3307 Tarquinio
739 3248 859 3292 nomen
880 3228 968 3313 regis
991 3229 1101 3296 audire

103 3341 165 3387 nen
186 3320 323 3405 poterat.
363 3315 427 3382 Hic
449 3312 639 3381 facultatem
662 3334 750 3378 cum.
765 3365 771 3379 .
787 3363 816 3380 ..

319 3425 556 3508 [Desideraalar
572 3421 710 3506 paginae
730 3423 881 3503 sedecim]
908 3456 912 3463 ·

167 3533 266 3601 Cicero
297 3535 334 3598 de
364 3552 398 3596 re
421 3532 506 3614 publ.
535 3531 585 3597 lib.
611 3528 669 3593 II:
701 3526 816 3614 Itaque
847 3528 906 3666 illa
934 3514 1151 3635 praeclara35}

834 3640 865 3688 21
