2675 4209
246 279 313 344 290
604 278 653 333 DE
672 278 721 333 RE
738 277 894 333 PUBLICA

320 422 411 491 Urbis
437 425 608 489 condendae
633 423 782 505 ampinern
807 426 898 504 atque
923 440 1049 486 oausam
1069 440 1134 486 non
1154 440 1260 486 unum

246 512 424 590 intulerunt,
446 513 499 578 sed
519 513 578 577 atii
599 531 647 576 eos
668 511 813 587 tornines,
834 511 889 591 qui
909 511 975 575 sint
990 530 1028 574 en
1044 514 1128 573 terra
1139 511 1258 591 primi

248 604 297 665 tas
324 602 406 679 nati,
435 620 505 665 cnm
527 620 587 682 per
612 599 708 665 siloas
733 603 763 663 et
787 618 909 680 campos
930 599 1095 662 erraticam
1115 599 1263 679 deperent

246 689 343 752 uitam
368 708 422 753 nee
448 688 513 753 atto
541 689 622 751 inter
647 706 680 752 se
705 687 853 751 sermonis
879 690 936 750 unt
960 687 1041 751 iuris
1062 686 1184 750 vinonio
1206 706 1258 750 co

247 775 411 853 haererent,
433 777 487 841 sed
505 775 630 855 frondes
652 780 682 838 et
701 774 826 839 terbum
837 794 899 855 pro
916 773 1072 849 cubilitus,
1093 774 1260 854 speluncas
1286 790 1301 830 ⁵

248 868 277 929 et
297 869 392 929 antro
407 884 469 945 pro
491 864 630 928 domitus
651 862 801 939 taberent,
823 862 924 927 bestiis
944 866 975 925 et
988 861 1169 941 fortioribus
1185 864 1259 925 oni
1328 889 1329 922 ;

248 952 381 1016 motibus
398 953 533 1033 praedae
551 951 649 1031 fnisse
670 955 912 1014 comnremorant.
949 949 1031 1013 Tum
1048 969 1105 1026 eos,
1126 950 1181 1031 qai
1198 955 1261 1014 aut
1328 947 1329 1012 i

250 1040 363 1104 laniati
384 1039 555 1121 effaperant
575 1043 632 1102 ant
654 1038 773 1102 laniari
788 1038 949 1119 praeturas
969 1038 1122 1114 uideram,
1150 1038 1260 1101 admo-

248 1128 330 1191 nitos
344 1127 477 1208 portenti
493 1128 544 1191 sni
562 1128 606 1191 ad
621 1126 700 1191 otios
716 1125 853 1190 homines
869 1126 1044 1209 decreuisse,
1059 1126 1260 1207 praesidium

249 1215 427 1296 implorasse
444 1219 473 1279 et
486 1215 589 1296 primo
606 1214 732 1278 nutibus
748 1214 934 1278 voluntatem
949 1233 1041 1277 snam
1057 1214 1257 1295 sipnifieosse
1273 1230 1301 1270 ιο

249 1304 356 1368 ddnde
386 1303 535 1368 serannis
564 1302 660 1366 initia
686 1306 844 1384 temptasse
870 1321 907 1365 ao
931 1301 1064 1383 sinuatis
1089 1301 1260 1383 quibusque

249 1390 339 1455 rebeus
368 1392 498 1455 nomina
523 1391 726 1472 imprimendo
746 1389 905 1471 paulatim
931 1389 1072 1469 loquendi
1091 1388 1260 1471 perfecisse

249 1480 409 1543 rationem.
449 1477 525 1544 &rm
550 1482 653 1543 autem
674 1498 729 1543 nec
749 1477 976 1541 multitudinem
997 1478 1099 1558 ipsam
1120 1478 1261 1541 uiderent

250 1572 356 1631 eontra
378 1566 489 1631 bestias
511 1586 572 1631 esse
593 1571 705 1643 tntum,
728 1566 841 1647 oppida
861 1566 955 1628 etiam
975 1566 1103 1645 coepisse
1123 1566 1258 1642 munire,

249 1655 296 1719 oet
316 1659 353 1719 nt
373 1656 500 1736 quietem
521 1655 616 1719 noctis
638 1658 737 1717 tutam
758 1653 818 1717 siti
836 1652 973 1732 facerent
991 1653 1038 1717 oet
1053 1657 1091 1717 ut
1105 1653 1257 1717 incursio·
1274 1671 1299 1710 1⁵

250 1761 304 1807 nes
325 1747 415 1822 atqcue
436 1743 565 1823 impetus
587 1742 752 1805 bestiarum
772 1760 835 1804 non
851 1741 1034 1821 pauperando,
1061 1742 1115 1805 sed
1134 1740 1258 1805 obiectis

251 1830 410 1911 apperitus
437 1833 586 1892 arcerent.
601 1878 608 1892 .
623 1877 652 1892 ..
694 1828 784 1892 Haeo
804 1828 998 1903 odimdetira
1018 1829 1086 1893 nisa
1107 1834 1193 1912 sunt,
1220 1834 1260 1893 nt

249 1917 385 1998 fuerunt,
407 1918 606 1997 diceruntqne
622 1935 685 1979 non
700 1916 841 1995 ferarum
863 1916 1001 1981 laniatus
1017 1935 1143 1981 oausam
1158 1915 1259 1995 fnisse

251 2006 390 2081 coeundi,
416 2005 469 2069 sed
488 2006 591 2085 ipsam
606 2004 713 2085 potins
733 2003 971 2079 humanitatem
997 2004 1101 2085 itaque
1121 2005 1202 2068 inter
1223 2024 1257 2069 se

251 2097 452 2175 confirmatos,
473 2093 555 2174 qnod
574 2096 691 2156 natura
711 2091 872 2156 hominnm
892 2092 1068 2156 solitudinis
1087 2092 1210 2174 sapiens
1227 2098 1257 2157 et
1270 2080 1327 2149 ποί

251 2180 473 2245 communionis
494 2200 531 2245 ao
551 2181 702 2245 societatis
723 2181 865 2263 adpetens
886 2184 968 2244 esset.
989 2178 1187 2266 (ΖΜΝ
1205 2182 1319 2269 impp

251 2269 312 2332 stit.
335 2269 394 2332 dio.
422 2266 474 2333 VI
491 2272 541 2331 10.
562 2270 793 2371 1521&sssp
840 2286 973 2357 ζ
997 2320 1003 2333 .

199 2333 242 2461 ff?
251 2384 279 2435 p.
299 2357 363 2436 211]
438 2355 648 2437 ...quaedam
669 2376 763 2438 quau
781 2355 913 2439 semina,
935 2376 1039 2449 neque
1056 2355 1256 2439 reliquarum

251 2444 411 2508 virtutum
441 2465 500 2509 neo
526 2444 628 2527 ipsius
656 2443 880 2527 reipublicae
906 2444 1087 2527 reperiatur
1112 2443 1183 2507 ullu
1208 2443 1257 2509 iu-

252 2532 389 2597 stitutio.
424 2531 470 2595 Hi
493 2536 602 2597 coetus
625 2531 728 2615 igitur
749 2530 819 2614 hae,
842 2531 881 2595 de
904 2552 968 2615 qua
991 2530 1133 2616 exposui,
1157 2548 1293 2596 causan

251 2620 395 2685 instituti
417 2620 526 2684 sedem
547 2619 689 2703 primum
707 2622 795 2683 certo
814 2619 886 2684 loeo
905 2618 1140 2683 domiciliorum
1158 2641 1256 2684 eausa

252 2708 502 2790 constituerunt3
530 2728 627 2789 quam
654 2728 726 2770 eum
753 2706 833 2770 locis
860 2728 1022 2790 manuque
1048 2707 1255 2792 saepsissent,

252 2796 321 2860 eius
341 2795 430 2858 modi
447 2794 705 2859 coniunctionem
722 2797 882 2857 tectorum
900 2794 1054 2879 oppidum
1072 2794 1125 2860 vel
1142 2795 1255 2860 urbem

159 2880 160 2883 '
253 2884 499 2967 appellavenmt
525 2882 667 2946 delubris
696 2881 883 2945 distinctam
910 2882 1088 2967 spatiisque
1115 2904 1255 2947 eommu-

252 2971 356 3037 nibus.
394 2968 506 3034 Omnis
529 2991 607 3055 ergo
630 2970 779 3053 populun,
803 2969 858 3052 qui
881 2973 931 3033 est
949 2970 1025 3034 talis
1045 2974 1155 3035 coetus
1174 2972 1294 3034 mul-so

251 3088 279 3140 p.
295 3062 359 3141 212]
378 3058 537 3143 titudinis,
561 3058 690 3141 qualem
710 3055 715 3139 Ι
735 3057 877 3141 exposui,
900 3059 1005 3122 omnis
1027 3058 1151 3141 civitae,
1174 3081 1254 3142 quae

253 3151 303 3213 est
321 3146 510 3213 constitutio
528 3146 650 3230 populi,
670 3145 775 3209 omnis
794 3167 845 3210 res
863 3146 1003 3231 publice,
1022 3167 1112 3230 quse,
1130 3149 1168 3210 ut
1205 3147 1212 3159 '
1236 3146 1243 3159 '

123 3289 124 3293 ,
252 3236 365 3319 populi
392 3256 443 3299 res
469 3237 531 3318 est,
560 3233 695 3299 oonsilio
719 3234 858 3318 quodam
880 3234 1022 3317 regenda
1045 3237 1107 3318 est,
1130 3237 1167 3298 ut
1221 3256 1255 3297 u·

252 3328 349 3387 turne
368 3323 434 3399 sit
450 3322 489 3387 Id
508 3326 617 3386 eutem
634 3322 806 3387 eonsilium
822 3321 964 3407 primum
983 3343 1109 3405 semper
1128 3322 1168 3385 ad
1185 3344 1254 3386 eam

254 3432 383 3475 oausam
406 3410 607 3475 referendum
631 3414 694 3493 est,
722 3432 803 3494 queo
826 3430 924 3473 causa
946 3409 1059 3493 genuit
1081 3409 1254 3475 civitatem.
1267 3427 1295 3469 ee
1328 3473 1329 3476 ,

201 3510 234 3559 42
252 3498 376 3563 Deinde
395 3502 452 3562 aut
468 3498 525 3561 uni
542 3498 749 3562 tribuendum
768 3501 818 3560 est
837 3500 894 3560 eut
912 3496 1044 3561 delectis
1063 3497 1254 3580 quibusdem
1328 3571 1329 3580 χ

253 3589 310 3651 eut
324 3584 560 3669 suscipiendum
574 3590 624 3650 est
638 3584 840 3649 multitudini
853 3587 950 3668 atque
964 3585 1123 3649 omnibus.
1151 3583 1254 3660 Quare
