2675 4209
364 202 432 259 LIB.
451 204 487 259 11.
506 203 583 261 CAP.
602 208 716 261 23-26.
735 210 751 270 ξ
769 210 882 261 41-4‘1.
1064 207 1128 271 321

102 347 263 413 comitata
299 351 365 412 est.
405 346 493 413 Nam
520 350 554 412 et
576 370 671 413 omne
692 347 823 413 Latium
846 348 933 413 bello
956 348 1075 414 devicit
1097 340 1131 414 et

37 483 40 492 ,
97 430 259 500 Suessam
299 435 502 519 Pometiam,
538 436 652 501 urbem
684 437 873 520 opulentam
904 434 1130 520 refertamque,

96 524 177 605 oepit
209 528 253 588 et
290 526 439 589 maxima
461 523 533 587 auri
556 524 747 608 argentique
769 524 891 608 praeda
913 524 1129 607 locupletatus

89 614 209 675 uotum
238 611 362 695 patris
386 610 542 696 Capitolii
565 611 787 676 aedificatione
808 610 968 696 persolvit
990 614 1023 675 et
1045 613 1130 676 eolo

66 697 160 762 ⁵nias
187 699 348 764 deduxit
371 703 405 763 et
426 699 585 765 institutis
609 721 730 783 eorum,
752 722 773 763 a
795 698 912 783 quibus
935 702 1026 763 ortus
1049 703 1155 783 erat„

86 779 215 865 {dona
257 787 442 871 magnifica
473 788 567 871 quasi
601 787 781 852 libamenta
810 787 1003 871 praedarum
1035 790 1078 869 [p.
1097 804 1130 855 16

2 980 11 990 ν
82 870 261 957 Delphos
289 875 332 939 ad
351 875 539 960 Apollinem
561 876 660 939 misit.
1139 930 1183 995 25

151 962 238 1027 Hie
273 962 332 1043 ille
360 963 427 1026 iam
449 966 593 1027 vertetur
616 963 717 1046 orbis,
745 962 835 1028 cuius
857 965 1042 1031 naturalem
1064 989 1130 1030 mo·
1148 1007 1182 1057 45
1260 1028 1264 1034 ,

80 1050 161 1113 turn
197 1054 318 1133 atque
345 1050 516 1115 circuitum
538 1072 559 1115 a
580 1051 686 1136 primo
710 1051 824 1116 discite
847 1052 1052 1137 adgnoscere.
1091 1054 1131 1118 Id

0 1182 1 1211 ,
46 1152 68 1189 1⁰
81 1136 183 1201 enim
215 1142 280 1203 est
304 1141 403 1222 caput
425 1138 529 1203 civilis
551 1138 755 1224 prudentiae,
776 1139 812 1202 in
834 1162 899 1223 qua
922 1142 1027 1205 omnis
1048 1140 1130 1206 haec

79 1228 227 1289 nostra
254 1229 407 1290 versetur
431 1227 545 1310 oratio,
567 1228 677 1291 videre
699 1227 817 1291 itinera
839 1229 1003 1311 flexusque
1021 1250 1130 1293 rerum

80 1312 335 1395 publicarum,
357 1317 404 1396 ut,
427 1336 500 1378 oum
523 1314 643 1397 sciatis
668 1336 731 1397 quo
756 1336 900 1399 quaeque
918 1336 970 1378 res
988 1315 1129 1398 inclinet,

82 1401 257 1465 retinere
273 1404 332 1464 aut
346 1404 422 1465 ante
431 1402 565 1485 possitis
578 1398 582 1488 Ι
595 1423 769 1467 occurrere.
792 1401 879 1466 Nam
888 1424 944 1465 rex
953 1402 1018 1484 ille,
1030 1404 1070 1481 [p.
1076 1419 1128 1467 255

84 1487 129 1551 de
160 1510 244 1573 quo
268 1489 395 1572 loquor,
418 1489 559 1573 primum
582 1489 699 1574 optimi
723 1490 810 1575 regis
833 1489 929 1554 caede
947 1491 1128 1554 maculatus

47 1589 72 1627 1⁵
86 1574 251 1662 integra
273 1579 382 1640 mente
399 1598 465 1641 non
483 1582 562 1661 erat,
585 1581 618 1641 et
637 1600 710 1643 cum
727 1580 886 1641 metueret
903 1577 974 1660 ipse
990 1598 1129 1662 poenam

89 1664 252 1729 sceleris
276 1663 327 1727 sui
352 1686 520 1749 summam,
543 1666 644 1729 metui
667 1687 702 1729 se
724 1665 870 1748 volebat3
893 1664 1006 1729 deinde
1027 1665 1128 1730 victo·

88 1752 163 1817 riis
215 1751 403 1836 divitiisque
434 1753 590 1817 subnixus
623 1752 791 1817 exultabat
820 1753 995 1818 insolentia
1025 1776 1129 1839 neque

94 1860 193 1905 suos
221 1861 337 1904 mores
369 1862 482 1925 regere
514 1845 644 1926 poterat
675 1862 779 1925 neque
809 1862 940 1905 suorum
970 1842 1128 1907 libidines.

93 1926 236 2013 Itaque
250 1949 324 1993 oum
338 1929 442 1992 maior
457 1929 524 1993 eius
538 1930 624 1993 filius
639 1928 816 2010 Lucretiae,
835 1928 1019 2014 Tricipitini
1032 1930 1127 2013 filiae,
1145 1944 1189 2002 46Ι

57 2030 86 2069 ²0
101 2014 289 2081 Conlatini
316 2016 423 2099 uxori,
452 2017 518 2081 uim
546 2016 712 2080 attulisset
739 2016 918 2100 mulierque
945 2017 1068 2102 pudens
1096 2021 1129 2081 et
1232 2023 1235 2026 ’

2 2105 8 2183 f
101 2103 251 2188 nolbilis
275 2104 317 2167 ob
336 2104 429 2167 illam
447 2103 598 2169 iniuriam
618 2125 688 2168 sese
706 2104 779 2188 ipsa
797 2108 902 2170 morte
920 2106 1001 2169 mul·
1021 2107 1060 2187 [p.
1076 2120 1128 2169 256

4 2189 7 2202 '
102 2192 267 2274 tavisset,
289 2194 361 2254 tum
383 2192 434 2257 vir
455 2192 586 2277 iugenio
605 2195 638 2255 et
656 2192 777 2255 virtute
795 2196 975 2276 praestans,
997 2192 1032 2256 L.
1049 2192 1128 2257 Bru·

106 2283 189 2361 tus,
217 2278 342 2363 depulit
371 2301 390 2343 a
417 2279 541 2343 ciuibus
570 2280 635 2343 suis
659 2279 815 2343 iniustum
837 2281 918 2343 illud
944 2279 1041 2342 durae
1065 2300 1128 2343 ser·

107 2366 237 2432 vitutis
269 2366 390 2451 iugum.
435 2364 498 2440 Qui
525 2388 597 2431 cum
624 2367 770 2451 privatus
798 2371 896 2449 esset,
927 2368 1031 2429 totam
1058 2386 1128 2428 rem

66 2470 95 2510 2⁵
111 2454 289 2541 publicam
317 2454 471 2518 sustinuit
498 2454 685 2537 primusque
712 2455 746 2517 in
772 2455 834 2519 hac
861 2453 992 2517 civitate
1020 2452 1128 2516 docuit

111 2544 154 2607 in
185 2542 405 2607 conservanda
432 2541 551 2606 civium
578 2542 730 2605 libertate
753 2562 822 2605 esse
845 2541 1007 2625 privatum
1029 2540 1128 2604 nemi·

113 2652 207 2696 nem.
244 2628 313 2704 Quo
338 2633 469 2694 auctore
488 2632 521 2693 et
539 2627 683 2713 principe
703 2629 864 2693 concitata
882 2629 997 2693 civitas
1016 2631 1050 2692 et
1066 2627 1141 2698 haev

114 2717 245 2784 recenti
277 2715 430 2802 quelrella
457 2715 625 2781 Lucretiae
657 2716 760 2799 patris
793 2740 831 2781 ac
859 2717 988 2802 propin·
1015 2719 1056 2798 [p.
1076 2732 1127 2781 245

116 2827 261 2890 quorum
293 2808 326 2868 et
357 2803 579 2868 recordatione
612 2803 782 2887 superbiae
813 2804 981 2889 Tarquinii
1012 2805 1128 2870 multa-

73 2910 102 2950 eo
117 2912 258 2975 rumque
287 2892 478 2955 iniuriarum
509 2895 543 2955 et
574 2891 677 2976 ipsius
705 2894 738 2955 et
764 2893 905 2957 filiorum
937 2894 1063 2957 exulem
1096 2895 1129 2955 et

117 3000 233 3064 regem
255 2980 363 3062 ipsum
384 2982 417 3043 et
439 2979 559 3043 liberos
583 2978 651 3044 eius
675 2983 709 3043 et
731 2984 862 3066 gentem
879 2979 1128 3062 Tarquiniorum
1161 3009 1174 3016 ·

2 3136 3 3143 χ
120 3088 193 3131 esse
215 3066 319 3131 iussit.
1137 3117 1179 3182 26

188 3152 356 3219 Videtisne
374 3155 484 3240 igitur,
502 3159 540 3220 ut
559 3155 597 3219 de
611 3175 687 3237 rege
701 3154 849 3218 dominus
863 3152 1007 3217 extiterit
1020 3152 1127 3216 unius·
1145 3195 1177 3243 47

121 3264 185 3326 que
212 3240 294 3307 vitio
317 3264 418 3328 genus
441 3243 489 3307 rei
511 3243 660 3328 publicae
683 3261 722 3304 ex
744 3241 830 3304 bono
851 3240 887 3302 in
909 3241 1127 3306 deterrumum

80 3346 108 3387 es
123 3351 314 3395 conversum
341 3330 407 3394 sit‘?
441 3329 576 3407 Hicest
599 3329 685 3393 enim
708 3326 856 3392 dominus
878 3326 1004 3411 populi,
1032 3350 1128 3412 quem

123 3417 239 3481 Graeci
269 3415 453 3503 tyranlnum
484 3420 614 3500 vocant,
645 3438 721 3479 uam
751 3435 862 3500 regem
891 3415 985 3479 illum
1015 3418 1055 3498 [p.
1074 3434 1126 3484 246

122 3505 238 3570 volunt
261 3525 340 3588 esse,
364 3505 418 3588 qui
441 3504 581 3569 consulit
603 3507 640 3567 ut
662 3524 780 3587 parens
802 3505 922 3588 populo
946 3512 1126 3571 conservat·

39 3672 45 3675 ,
175 3623 230 3665 010.
242 3624 285 3666 IV.
303 3626 322 3664 2.
613 3658 616 3663 ,
880 3614 913 3662 21
