2675 4209
244 244 310 335 314
602 243 651 298 DE
668 243 718 299 RE
736 243 892 299 PUBLICA

244 388 307 453 dux
338 391 372 453 st
402 388 552 473 princeps
582 390 616 452 et
645 388 831 453 moderator
856 387 1016 451 luminum
1042 386 1273 471 reliquorum,

244 498 334 541 mens
368 477 479 541 mundi
511 480 544 541 et
575 468 783 561 temperatio,
819 479 913 541 tanta
944 476 1187 561 magnitudine,
1224 480 1272 539 ut

243 568 359 629 cuncta
381 586 441 629 sua
462 564 533 629 luce
552 564 619 628 lust
605 568 672 628 tret
690 568 723 628 et
741 564 910 647 compleat
946 562 1042 628 Hunc
1060 567 1098 627 ut
1115 563 1269 664 comites

243 656 483 736 consequuntur
505 650 641 717 Veneris
664 652 762 736 alter,
787 653 872 717 alter
893 651 1046 716 Mercurii
1068 673 1270 733 cursus,1n

242 742 417 825 infimoque
446 740 524 805 orba
551 741 629 804 luna
655 740 755 804 radiis
783 740 862 804 solis
885 761 1020 804 accensa
1041 739 1267 804 convertitur.
1301 762 1316 802 s

243 829 333 892 Infra
363 833 472 893 autem
498 828 565 893 iam
591 827 674 892 nihil
700 831 750 892 est
776 828 841 892 nisi
867 828 1008 891 mortale
1035 831 1069 891 et
1095 827 1266 893 caducum

243 919 374 1000 praeter
401 916 526 981 animos
554 938 686 981 munere
713 916 847 980 deorum
870 914 1040 979 hominum
1063 915 1177 1001 generi
1202 915 1266 979 da-

243 1008 305 1087 tos,
328 1025 427 1088 supra
449 1005 561 1068 lunam
584 1007 661 1068 sunt
679 1009 812 1069 aeterna
833 1003 949 1068 omnia
985 1002 1072 1067 Nam
1095 1025 1143 1086 ea,
1169 1024 1264 1085 quae

244 1095 294 1157 est
321 1091 427 1156 media
454 1094 487 1155 et
513 1113 613 1174 nona,
642 1092 755 1175 tellus,
781 1112 885 1175 nequo
911 1095 1061 1156 movetur
1084 1094 1116 1156 et
1137 1090 1265 1155 infima

214 1184 343 1319 8(be
368 1179 433 1244 et
423 1201 459 1243 ιιι
481 1201 552 1243 eam
574 1178 724 1243 feruntur
747 1180 856 1244 omnia
876 1183 959 1243 nutu
981 1200 1039 1243 suo
1061 1178 1221 1263 pondera
1280 1205 1309 1242 ιο

252 1230 438 1343 blouae
461 1288 535 1331 cum
552 1266 696 1331 intuerer
715 1271 858 1352 stupens,
881 1271 918 1331 ut
936 1288 987 1331 ma
1005 1267 1120 1352 recepi,
1143 1265 1261 1341 Quid?

194 1249 346 1440 111111,
336 1377 483 1439 mquam,
512 1355 583 1439 quis
610 1357 674 1439 est,
702 1355 757 1439 qui
784 1354 915 1440 conplet
942 1376 1036 1419 aures
1064 1376 1153 1419 meas
1181 1358 1260 1419 tan-

242 1448 296 1509 tus
325 1448 358 1508 et
384 1448 454 1508 tam
480 1443 582 1509 dulcis
613 1444 734 1507 sonus?
773 1442 836 1508 Hic
859 1446 923 1526 est,
949 1443 1069 1527 inquit,
1096 1442 1168 1526 illo,
1196 1443 1260 1525 qui

243 1532 426 1596 intervallis
456 1531 634 1596 disiunctus
661 1530 844 1616 inparibus,
873 1531 930 1595 sed
956 1535 1068 1595 tamen
1093 1535 1258 1614 prorata

243 1624 337 1704 parte
363 1620 491 1683 ratione
518 1619 681 1684 distinctis
707 1620 839 1703 inpulsu
861 1623 895 1683 ot
917 1623 1010 1683 motu
1031 1618 1177 1703 ipsorum
1201 1640 1301 1683 or-1s

243 1708 333 1771 bium
361 1707 499 1770 efficitur
527 1710 560 1770 et
590 1711 685 1771 acuta
711 1729 784 1771 cunr
811 1707 966 1791 gravibus
987 1710 1174 1789 temperans
1196 1728 1256 1770 va-

243 1795 310 1858 rios
338 1793 552 1876 aequabiliter
579 1797 753 1859 concentus
779 1795 894 1877 efficit3
919 1816 979 1859 nec
1006 1795 1092 1858 enim
1119 1794 1254 1859 silentio

243 1881 329 1945 tanti
346 1885 454 1945 motus
472 1880 602 1945 incitari
619 1886 766 1966 possunt,
784 1887 818 1946 et
832 1886 951 1947 natura
962 1882 1037 1966 fert,
1054 1886 1092 1946 ut
1105 1885 1254 1947 extrema

244 1992 283 2034 ex
300 1970 405 2034 altera
422 1971 515 2053 parte
535 1969 688 2054 graviter,
706 1992 745 2034 ex
764 1971 869 2035 altera
887 1974 995 2035 autem
1015 1974 1108 2035 acuto
1124 1974 1251 2034 sonent.
1318 2037 1320 2047 ,

244 2055 348 2133 Quam
375 2057 418 2121 ob
445 2078 576 2121 causam
603 2079 748 2122 summus
777 2059 835 2123 ille
861 2059 944 2123 caeli
965 2058 1104 2123 stellifer
1126 2079 1251 2141 cursus,
1267 2082 1296 2121 ao

244 2146 334 2210 cuius
357 2144 524 2209 conversio
548 2149 598 2209 cst
621 2146 822 2230 concitatior,
845 2150 940 2211 acuto
963 2150 997 2210 ct
1019 2146 1159 2211 excitato
1180 2166 1250 2211 mo-

243 2237 337 2298 vetur
367 2254 460 2316 sono,
491 2233 684 2318 gravissimo
715 2238 824 2299 autem
850 2234 904 2299 hic
930 2235 1055 2300 lunaris
1082 2238 1179 2318 atque
1200 2234 1250 2298 in-

242 2323 352 2405 fimus3
383 2343 460 2385 nam
491 2326 579 2386 terra
610 2345 697 2387 nona
727 2322 894 2387 inmobilis
921 2344 1055 2387 manens
1081 2344 1147 2386 una
1173 2322 1248 2387 sede

244 2431 370 2495 semper
396 2409 510 2473 haeret
537 2412 705 2494 complexa
731 2410 873 2474 medium
899 2412 1011 2475 mundi
1033 2412 1148 2475 locum.
1190 2408 1248 2473 Illi

243 2503 352 2563 autem
375 2501 448 2563 octo
472 2519 597 2581 cursus,
624 2499 660 2562 in
683 2498 799 2582 quibus
824 2498 935 2563 eadem
956 2499 1007 2563 vis
1031 2502 1081 2563 est
1103 2498 1246 2581 duomm,
1262 2521 1288 2563 ss

243 2590 367 2671 septem
398 2585 542 2648 efficiunt
570 2586 740 2651 distinctos
766 2586 949 2652 intervallis
976 2608 1087 2670 sonos,
1114 2587 1169 2669 qui
1189 2608 1247 2651 nu·

243 2695 351 2737 merus
374 2694 482 2736 rerum
505 2674 649 2738 omnium
671 2674 740 2739 fero
761 2675 864 2739 nodus
888 2679 951 2758 est3
974 2675 1061 2758 quod
1083 2673 1170 2738 docti
1188 2673 1245 2739 ho-

243 2760 346 2823 mines
377 2760 486 2824 nervis
512 2760 636 2825 imitati
662 2767 759 2846 atque
787 2762 935 2828 cantibus
962 2765 1157 2847 aperuerunt
1182 2762 1245 2826 sibi

243 2847 383 2913 reditum
409 2847 445 2911 in
470 2847 556 2913 hunc
578 2850 699 2934 locum,
729 2849 813 2914 sicut
835 2851 905 2934 alii,
929 2851 985 2934 qui
1006 2850 1243 2934 praestantibus

193 2953 223 3002 19
242 2936 381 3021 ingeniis
403 2935 438 2999 in
460 2935 530 3001 vita
551 2937 695 3002 humana
713 2937 821 3002 divina
839 2938 947 3004 studia
964 2939 1141 3003 coluerunt.
1173 2936 1243 3004 Hoc
1257 2961 1283 3002 ao

243 3025 352 3090 sonitu
375 3024 526 3109 oppletae
550 3048 644 3090 aures
662 3025 830 3090 hominum
849 3027 1099 3110 obsurduerunt3
1120 3048 1178 3091 nec
1193 3031 1243 3091 est

242 3115 329 3179 ullus
347 3112 496 3178 hebetior
514 3134 626 3179 sensus
645 3114 680 3178 in
697 3114 801 3197 vobis,
821 3114 913 3198 sicut,
933 3115 990 3179 ubi
1007 3114 1103 3179 Nilus
1122 3114 1161 3181 ad
1178 3114 1242 3200 illa,
1309 3125 1317 3200 ς

245 3224 325 3286 quaa
349 3201 518 3285 Catadupa
544 3202 767 3285 nominantur,
796 3203 990 3287 praecipitat
1016 3224 1056 3267 ex
1078 3202 1240 3267 altissimis

243 3291 418 3373 montibus,
442 3311 480 3354 ea
503 3310 592 3391 gens,
596 3312 697 3441 tquae
718 3291 814 3354 illum
836 3290 944 3356 locum
962 3290 1093 3374 adeolit,
1115 3294 1240 3375 propter
1314 3323 1315 3326 ι

244 3378 520 3528 ιιιιςιιί1ιιι11ιιιΗιιι
523 3379 648 3443 sonitus
673 3400 768 3443 sensu
791 3377 940 3443 audiendi
963 3382 1059 3444 caret.
1090 3378 1152 3444 Hic
1168 3400 1238 3443 vero
1251 3400 1275 3441 a

243 3469 355 3529 tantus
383 3468 494 3529 estto
476 3464 561 3530 <otius
584 3467 726 3531 mundi
717 3489 781 3531 mci
772 3465 946 3531 tatissima
967 3466 1173 3532 conversione
1193 3488 1238 3531 so·

242 3553 345 3637 uitus,
376 3558 414 3617 ut
446 3575 519 3617 cum
551 3577 643 3619 aures
675 3555 843 3619 hominum
874 3576 989 3637 capere
1016 3577 1084 3620 non
1112 3555 1237 3639 possint,
