2675 4209
368 326 436 383 ΜΒ.
455 326 490 383 11.
515 326 591 384 OAP.
611 333 724 394 aas
741 333 836 384 5-11.
1040 328 1105 393 309

15 530 16 537 χ
113 462 233 533 Graecia
253 470 431 538 ,verissime
459 470 577 555 dicere3
603 494 680 536 nam
708 475 742 535 et
766 471 840 555 ipsa
862 470 1105 556 Peloponnesus

15 550 23 643 3
110 551 164 617 lere
185 560 258 621 tota
281 558 317 623 in
339 559 423 622 mari
445 562 509 643 est,
529 559 534 642 Ι
553 581 612 624 nec
634 563 764 644 practer
785 559 970 624 Phliuntios
994 562 1034 639 [p.
1052 575 1105 623 228

15 726 18 731 .
108 640 157 705 ulli
179 649 266 729 sunt,
291 668 429 730 quorum
453 648 524 732 egri
545 669 612 712 non
632 647 824 732 contingant
842 669 940 730 mare,
963 650 996 711 et
1014 650 1106 711 extra

11 732 29 819 ,3,
105 725 359 816 Peloponnesum
382 733 545 799 Aenianes
568 738 601 799 et
623 733 721 799 Doris
744 739 778 798 et
799 733 942 819 Dolopes
966 734 1029 799 soli
1051 734 1106 798 ab·
1230 810 1234 822 Ι

11 822 29 853 ‘²
84 822 172 881 runt
203 844 224 885 a
257 822 352 886 mari.
402 820 485 896 Quid
518 823 623 887 dicam
654 822 779 887 insulas
811 820 987 887 Graeciae?
1023 843 1105 905 quae

10 902 15 941 ³
102 902 248 973 fluctibus
279 911 403 975 cinctae
429 914 545 974 natant
572 932 674 995 paene
700 910 791 995 ipsae
815 911 913 975 simul
935 933 1008 975 cum
1031 910 1106 975 civi·

10 1003 45 1093 's
101 993 200 1060 tatum
223 997 390 1062 institutis
414 1002 446 1061 et
468 998 622 1062 moribus.
661 996 771 1083 Atque
792 999 873 1063 haec
896 1000 1039 1083 quidem,
1067 1002 1140 1064 ute

9 1094 10 1097 ’
101 1099 193 1164 supra
222 1085 306 1169 dixi,
337 1086 458 1150 veteris
485 1090 561 1151 sunt
584 1084 747 1151 Graeciae.
792 1085 1001 1153 Coloniarum
1028 1108 1104 1153 vero

8 1186 9 1189 ’
100 1187 177 1249 quae
206 1178 262 1237 est
289 1172 425 1239 deducta
452 1196 472 1238 a
495 1172 602 1239 Graiis
628 1174 663 1237 in
686 1173 814 1258 Asiam,
841 1174 1015 1260 Thracam,
1041 1176 1106 1241 Ita·

14 1252 21 1287 ³
69 1269 89 1307 ¹⁰
99 1253 186 1343 liam,
225 1260 387 1345 Siciliam,
422 1260 568 1326 Africam
604 1265 734 1346 praeter
764 1284 863 1327 unam
894 1262 1106 1349 Magnesiam,

22 1443 32 1599 p
98 1348 1106 1522 trrarrttradtttlrterreae?aa

22 1600 27 1614 Ι
96 1537 171 1586 nam
199 1546 218 1588 e
242 1526 392 1589 barbaris
416 1525 545 1608 quidem
567 1526 647 1609 ipsis
669 1526 753 1589 nulli
776 1529 868 1589 erant
891 1529 988 1589 antea
1011 1526 1106 1589 mari·

14 1637 25 1707 p
96 1607 178 1673 turni
197 1616 331 1697 praeter
343 1612 500 1678 Etruscos
515 1617 548 1677 et
560 1611 697 1697 Poenos,
715 1613 811 1677 alteri
824 1613 987 1677 mercandi
1000 1634 1106 1696 causa,

64 1706 85 1745 1⁵
96 1692 317 1765 latrocinandi
343 1701 448 1765 alteri.
493 1700 581 1776 Quae
610 1722 707 1765 causa
732 1701 904 1786 perspicua
931 1706 981 1766 est
1006 1701 1107 1765 malo·

20 1850 21 1871 χ
96 1802 168 1850 rum
206 1789 562 1872 commutationumque
594 1788 747 1854 Graeciae
782 1793 917 1875 propter
952 1812 991 1855 ea
1025 1789 1107 1855 vitia

20 1874 22 1905 ³
96 1874 340 1941 maritimarum
362 1876 500 1961 urbium,
524 1899 605 1960 quae
626 1881 702 1941 ante
719 1878 818 1962 paulo
836 1879 1036 1961 perbreviter
1053 1878 1107 1942 ad-

20 2036 21 2063 1
96 1958 167 2045 ligi.
217 1962 281 2029 Sed
307 1968 419 2029 temen
445 1965 480 2029 in
506 1964 557 2029 his
580 1964 669 2029 vitiis
692 1966 777 2030 inest
799 1965 858 2030 illa
880 1987 1000 2051 magna
1022 1988 1107 2030 com·

97 2050 256 2137 modicas,
288 2056 333 2137 et,
365 2052 452 2136 quod
480 2053 599 2138 ubique
630 2054 775 2138 genitum
800 2058 805 2131 Ι
829 2057 893 2138 est,
924 2058 962 2118 ut
994 2055 1034 2134 [p.
1053 2070 1106 2117 230

8 2131 12 2167 ³
62 2142 85 2183 ²0
99 2135 138 2199 ad
162 2161 238 2205 eam
255 2141 379 2224 urbem,
403 2162 500 2223 quam
517 2140 650 2225 incolas,
670 2142 776 2225 possit
793 2141 920 2227 adnare,
943 2145 977 2206 et
994 2162 1105 2206 rursus

96 2226 134 2286 ut
162 2228 212 2316 id,
243 2228 329 2314 quod
356 2228 428 2314 agri
451 2230 586 2293 efferant
609 2228 673 2312 sui,
700 2251 916 2314 quascumque
942 2230 1045 2295 velint
1071 2229 1106 2294 in

97 2311 214 2400 terras,
239 2319 371 2402 portare
393 2316 521 2401 possint
544 2339 581 2381 ac
604 2318 742 2381 mittere.

164 2403 230 2480 Qui
260 2405 369 2488 potuit
399 2404 502 2488 igitur
531 2404 669 2469 divinius
700 2407 733 2468 et
758 2404 919 2469 utilitates
945 2405 1105 2489 conplecti
1123 2375 1158 2501 ᾗ

7 2573 9 2580 y
97 2492 284 2557 maritimas
303 2492 462 2557 Romulus
485 2495 518 2556 et
538 2493 619 2557 vitia
637 2492 750 2575 vitare,
773 2514 869 2575 quam
888 2492 974 2575 quod
991 2492 1105 2556 urbem

62 2580 251 2658 ²⁵perennis
275 2580 379 2645 amnis
403 2584 437 2644 et
459 2580 639 2663 aequabilis
663 2583 696 2643 et
717 2580 753 2644 in
774 2602 862 2645 mare
884 2580 950 2643 late
973 2580 1106 2645 influen-

98 2664 141 2729 tis
175 2668 287 2753 posuit
317 2668 352 2731 in
383 2668 476 2753 ripa‘?
509 2690 572 2751 quo
603 2671 717 2753 posset
747 2669 825 2732 urbs
854 2671 888 2733 et
915 2668 1058 2754 accipere
1085 2690 1106 2733 a

99 2756 194 2839 mari,
208 2778 272 2840 quo
287 2760 405 2841 egeret,
420 2761 453 2820 ct
465 2756 606 2840 reddere,
621 2777 685 2840 quo
699 2755 901 2840 redundaret,
917 2753 922 2843 l
937 2778 988 2822 ec·
1003 2758 1043 2836 [p.
1053 2772 1104 2821 231

99 2839 237 2927 demque
265 2848 302 2908 ut
324 2844 455 2909 flumine
477 2865 529 2909 res
553 2844 593 2909 ad
616 2844 738 2909 victum
760 2846 945 2928 cultumque
967 2846 1106 2909 maxime

99 2932 299 2997 necessarias
325 2953 391 2996 non
417 2932 524 2997 solum
551 2931 635 2996 mari
660 2932 896 3016 †absorbcret,
923 2932 979 2996 sed
1007 2932 1116 2997 etiam

62 3024 88 3065 ³0
100 3014 246 3085 invectas
265 3019 424 3105 acciperet
442 3042 481 3085 cx
498 3024 594 3103 terra,
617 3024 654 3085 ut
672 3020 754 3084 mihi
771 3020 837 3083 iarn
855 3023 926 3083 tum
944 3020 1106 3083 divinasse

99 3102 158 3172 ille
180 3108 328 3173 videatur
349 3108 434 3173 hanc
456 3109 568 3173 urbem
592 3109 700 3172 sedem
722 3106 895 3190 aliquando
919 3109 953 3169 et
974 3106 1120 3192 domum>

10 3206 31 3221 ⁵·
101 3211 228 3260 summo
258 3217 328 3261 esse
355 3196 491 3280 imperio
517 3196 753 3281 praebituram3
783 3216 861 3258 nam
886 3193 971 3257 hanc
996 3214 1105 3256 rerum

100 3281 229 3347 tantam
260 3284 441 3368 potentiam
471 3306 538 3349 non
566 3283 668 3347 ferme
699 3281 827 3346 facilius
853 3280 924 3344 ulla
949 3280 986 3344 in
1010 3282 1105 3365 parte

101 3364 217 3435 Italiae
239 3372 347 3455 posita
368 3372 445 3436 urbs
468 3375 576 3437 tenere
598 3368 768 3455 potuisset.

63 3462 89 3506 ³⁵
167 3457 267 3523 Urbis
287 3463 395 3524 eutem
413 3458 515 3542 ipsius
533 3460 645 3524 nativa
660 3455 822 3543 praesidia
836 3455 908 3542 quis
920 3450 924 3543 1
936 3459 987 3521 est
1001 3456 1041 3538 [p.
1052 3472 1104 3522 232
1123 3435 1156 3561 {³1

102 3547 171 3610 tam
193 3546 368 3632 neglegens
392 3546 447 3628 qui
468 3567 535 3610 non
555 3546 677 3611 habeat
695 3545 803 3611 animo
820 3548 936 3611 notata
953 3566 991 3611 ao
1007 3545 1104 3631 plane
1205 3584 1209 3594 ·

103 3632 254 3719 cognita?
277 3634 366 3698 cuius
389 3632 418 3696 is
441 3636 491 3696 est
513 3637 637 3699 tractus
656 3635 834 3721 ductusque
852 3633 938 3700 muri
956 3634 1105 3700 cumRo·
