2675 4209
42 324 47 335 ,
84 277 105 362 s
334 282 419 337 ΜΒ.
440 282 461 338 1.
484 282 560 340 cnP.
580 289 694 339 su-sa.
716 289 732 349 s
751 290 864 339 as-ua.
1048 285 1115 350 295

9 300 486 549 (i‘thioueaevirtutis,
514 448 596 513 quae
621 426 979 577 Qt,
1001 432 1072 493 tum
1095 452 1116 494 a

78 510 181 587 paucis
205 512 401 578 iudicatur
425 517 458 578 et
479 511 630 599 cernitur,
652 514 825 599 opulentos
872 514 995 579 omines
1014 520 1048 579 et
1065 538 1115 581 co

74 594 193 675 pi0s0s‚
218 604 303 665 tum
332 622 463 687 genere
485 601 588 666 nobili
610 606 707 666 natos
731 624 801 666 esse
824 602 966 686 optimos
989 605 1114 687 putant.

74 678 140 747 Hoc
168 707 295 753 errore
324 689 431 774 vulgi
454 710 527 753 cum
548 711 618 753 rem
641 689 806 773 publicam
829 711 907 773 opes
929 711 1115 775 paucorum,

51 780 135 833 ⁵non
153 773 316 841 virtutes
339 780 459 841 tenere
478 781 662 861 coeperunt,
681 798 800 841 nomen
817 777 868 841 illi
881 777 1043 862 principes
1061 800 1115 864 op·
1201 838 1215 864 ,

2 922 4 938 ‚
71 854 246 927 timatium
263 864 448 929 mordicus
462 868 583 949 tenent,
601 868 759 943 renotem
773 868 889 947 carent
899 868 950 945 [eo
963 866 1116 949 nomine}
1186 942 1192 953 .

0 962 2 977 ’
70 939 157 1041 llam
183 950 358 1036 divitiae,
380 953 385 1037 Ι
404 973 531 1035 nomen,
555 973 632 1036 opes
655 974 775 1018 vacuae
796 954 932 1019 consilio
951 958 984 1019 et
1004 958 1043 1035 [p.
1064 972 1114 1035 117

1 1026 3 1113 l
70 1037 205 1101 vrvendi
240 1044 363 1124 atque
391 1040 464 1103 aliis
491 1040 673 1125 imperandi
694 1040 790 1105 modo
815 1041 978 1107 dedecoris
1001 1045 1116 1128 plenae

1 1116 2 1195 f
70 1124 147 1217 Sunt
178 1128 217 1189 et
249 1128 442 1192 insolentis
467 1128 650 1213 superbiae,
676 1149 736 1192 nec
758 1129 827 1193 ulla
850 1129 1025 1195 deformior
1048 1153 1116 1216 spe

38 1215 60 1265 10.
72 1226 137 1271 ores
179 1218 240 1278 est
285 1216 439 1280 civitatis
478 1238 575 1299 quam
607 1216 679 1299 illa,
715 1217 750 1280 in
781 1239 846 1300 qua
878 1219 1117 1301 opulentissimi

71 1296 199 1377 optimi
235 1308 422 1387 putantur.
467 1302 598 1368 Virtute
630 1325 708 1368 vero
736 1305 938 1390 gubernante
964 1328 1032 1369 rem
1060 1328 1116 1389 pu·
1135 1318 1169 1368 62

1 1396 2 1449 3
70 1378 204 1453 blicam
249 1392 342 1474 quid
377 1394 487 1476 potest
519 1413 590 1455 esse
621 1391 843 1476 praeclarius?
879 1414 952 1457 oum
983 1392 1025 1476 is,
1062 1392 1117 1476 qui

72 1465 216 1627 {letti
237 1479 688 1633 uu’uutuuuult
711 1478 1117 1652 artuum:

40 1653 63 1694 1⁵
77 1648 131 1708 est
155 1648 163 1731 1
189 1652 277 1737 ipse
313 1676 372 1719 neo
403 1656 492 1739 leges
524 1654 653 1738 inponit
685 1617 821 1739 populo,
853 1654 1043 1739 quitum.
1066 1672 1116 1722 118

76 1730 153 1816 ipse
194 1762 277 1807 non
310 1746 438 1843 W>
474 1742 531 1806 sed
563 1763 655 1806 suam
687 1742 790 1807 uitam
821 1746 858 1807 ut
890 1744 996 1830 legem
1027 1767 1118 1829 prae-

79 1818 150 1886 fert
181 1830 263 1895 auis
295 1831 429 1896 civibus.
475 1828 538 1905 Qui
566 1830 594 1893 si
620 1851 704 1894 unus
730 1830 810 1895 satis
833 1832 943 1896 omnia
965 1834 1118 1917 consequi

1 1972 2 1975 ,
81 1919 223 2001 posset,
261 1918 346 1983 nihil
375 1939 456 2003 opus
485 1920 570 1982 esset
598 1918 762 2002 pluribus,
793 1918 823 1982 si
843 1920 987 1984 universi
1008 1921 1117 1984 videre

2 2020 7 2094 J
84 2001 267 2080 optimum
296 2009 329 2071 et
355 2006 390 2070 in
418 2028 455 2070 eo
479 2005 659 2069 consentire
683 2009 831 2090 possent,
857 2029 952 2072 nemo
976 2008 1116 2073 delectos

5 2106 10 2111 ·
47 2091 73 2133 ²⁰
86 2086 270 2178 principes
303 2096 480 2178 quaereret.
522 2092 709 2157 Difficultas
736 2094 868 2159 ineundi
894 2096 1021 2160 consilii
1047 2117 1117 2159 rem

87 2192 108 2235 a
126 2196 215 2265 rege
238 2182 281 2247 ad
299 2182 418 2265 plures,
441 2201 532 2245 error
550 2184 583 2245 et
600 2182 768 2246 temeritas
785 2183 981 2267 populorum
999 2206 1019 2247 a
1036 2184 1118 2247 mul-

89 2259 244 2335 titudine
273 2270 314 2333 ad
340 2289 459 2354 paucos
487 2269 666 2333 transtulit.
712 2269 764 2335 Sic
786 2270 871 2334 inter
893 2270 1117 2335 infirmitatem

90 2349 206 2441 unitus
231 2358 516 2439 temeritatemque
538 2357 716 2421 multorum
739 2357 880 2420 medium
904 2358 985 2441 opti·
1005 2360 1044 2436 [p.
1064 2374 1116 2423 233

13 2512 18 2521 ,
94 2446 208 2509 mutes
238 2444 452 2530 possederunt
478 2444 598 2527 locum,
629 2466 693 2527 quo
718 2444 803 2508 nihil
825 2447 935 2528 potest
958 2465 1028 2507 esse
1050 2467 1116 2509 mo·

55 2532 82 2575 ²⁵
96 2524 264 2617 deratius3
293 2532 409 2616 quibus
437 2554 505 2595 rem
533 2532 698 2616 publicam
720 2531 887 2595 tuentibus
910 2532 1116 2597 beatissimos

97 2635 173 2684 esse
198 2621 340 2707 populos
362 2641 492 2684 necesse
516 2623 566 2682 est
589 2642 708 2684 vacuos
732 2619 820 2684 omni
843 2641 920 2685 cura
942 2626 975 2685 et
995 2621 1117 2707 cogita·
1188 2679 1193 2685 .

99 2703 195 2774 tione
220 2708 293 2773 aliis
317 2708 476 2791 permisso
501 2707 664 2790 otiosuo,
693 2707 809 2791 quibus
832 2708 867 2773 id
888 2710 1043 2774 tuendum
1067 2714 1118 2775 est

97 2810 211 2881 neque
231 2795 507 2878 committendum,
525 2798 563 2859 ut
577 2816 636 2859 sua
649 2797 818 2861 commoda
831 2798 972 2882 populus
985 2799 1118 2884 neglegi
1168 2804 1182 2817 “

101 2884 356 2970 &principibus
383 2886 486 2967 putet.
527 2881 614 2947 Nam
638 2885 854 2968 aequabilitas
878 2886 1006 2967 quidem
1027 2888 1117 2969 iuris,
1136 2897 1169 2946 53

61 2976 87 3019 ⁸⁰
125 2992 207 3037 uam
230 2972 456 3056 amplexantur
478 2970 573 3035 liberi
595 2973 717 3056 populi,
740 2994 844 3055 neque
867 2974 989 3037 servari
1007 2977 1117 3057 potest

4 3117 16 3137 ,
102 2989 189 3144 dipsi
207 3060 292 3123 enim
313 3058 317 3143 Ι
337 3058 460 3144 populi,
483 3059 631 3141 quamvis
653 3060 753 3125 soluti
772 3059 990 3142 ecfrenatique
1010 3062 1049 3137 [p.
1065 3074 1118 3122 234

107 3146 194 3231 sint,
207 3146 379 3230 praecipue
402 3126 643 3211 multis⁵1iiulla
665 3148 828 3229 tribuunt,
851 3149 885 3209 et
907 3150 957 3209 est
979 3144 1015 3208 in
1036 3145 1117 3230 ipsis
1248 3193 1250 3198 -

106 3254 246 3319 magnus
266 3234 401 3297 dilectus
420 3233 588 3299 hominurn
607 3237 640 3297 et
659 3229 879 3317 dignitatum),
902 3253 1011 3316 eaque,
1035 3256 1117 3317 quae

110 3323 294 3407 appellatur
325 3321 553 3405 aequabilitas,
582 3319 799 3404 iniquissima
815 3324 874 3383 est.
920 3318 1001 3384 Cum
1031 3322 1117 3387 enim

71 3418 97 3461 ⁸⁵
111 3431 169 3494 par
186 3410 327 3474 habetur
344 3408 448 3473 honos
468 3409 602 3473 summis
622 3412 655 3473 et
673 3407 803 3491 infimis,
827 3406 882 3491 qui
901 3407 966 3471 sint
979 3408 1015 3473 in
1028 3412 1117 3476 omni

112 3496 229 3582 populo
247 3518 377 3561 necesse
396 3499 455 3580 est,
473 3496 546 3580 ipsa
565 3496 712 3580 aequitas
725 3495 930 3580 iniquissima
944 3501 1007 3582 est3
1031 3500 1118 3583 quod

112 3584 206 3649 iniis
229 3584 431 3669 ciuitatibus,
455 3605 536 3667 quae
559 3585 600 3648 ab
625 3584 758 3669 optimis
780 3588 950 3671 reguntur,
974 3587 1128 3653 accidere'
