2675 4209
26 273 32 330 Ι
369 336 437 389 ΜΒ.
457 336 491 393 11.
512 334 588 393 cAP.
608 344 712 393 er-as
731 343 746 404 s
765 344 878 394 ss-se.
1063 338 1130 404 325

19 490 24 524 l
95 481 205 567 plura
238 480 390 567 insignia
416 484 526 545 essent
551 480 669 566 inperii
695 480 730 546 in
757 481 862 547 libero
888 481 1012 566 populo
1035 503 1132 565 quam

15 633 20 642 ,
95 570 133 633 in
151 590 277 654 regno
295 568 443 633 fuissent.
479 567 577 632 Haud
594 569 765 634 mediocris
783 570 845 652 hic,
867 572 905 635 nt
923 591 984 655 ego
1003 569 1133 654 quidem

15 657 19 666 '
95 657 290 742 intellege,
317 656 368 721 vir
394 656 471 740 fuit,
499 656 555 739 qni
582 657 709 722 modica
736 658 889 721 libertate
911 657 1032 741 populo
1055 657 1133 722 dats

16 817 21 838 Ι
92 744 249 809 facilius
269 744 376 809 tenuit
390 744 618 809 auctoritatem
631 745 823 829 principum.
850 743 963 828 Neque
977 766 1038 830 ego
1052 745 1133 810 haec

13 884 14 887 η
66 848 193 897 enunc
235 832 309 897 sine
342 854 439 897 causa
472 835 539 896 tam
568 836 679 897 vetera
707 833 801 897 vobis
828 836 862 896 et
888 836 958 897 tam
985 833 1133 898 obsoleta

13 899 20 990 i
94 920 275 1005 decanto,
296 920 301 1002 Ι
321 919 378 985 sed
400 920 594 985 inlustribus
617 920 652 985 in
674 921 821 1005 personis
844 920 996 1005 tempori·
1019 923 1060 1002 [p.
1081 937 1132 987 186

2 1003 27 1087 t!
93 1008 248 1092 busque
277 1009 424 1092 exempla
446 1008 616 1109 bominum
637 1030 809 1092 rerumque
832 1008 963 1093 definio,
986 1009 1027 1074 ad
1050 1031 1132 1095 quae

4 1143 21 1276 'i
94 1095 700 1267 rehilflbbuiiaissitdinlidduinniidtu
722 1187 855 1249 senatus
876 1207 945 1250 rem
968 1186 1132 1271 publicam
1142 1164 1186 1229 32

1 1253 21 1366 2³
53 1288 80 1325 1⁰
95 1272 329 1357 temporibus
352 1271 427 1355 illis,
449 1274 487 1335 ut
509 1271 543 1336 in
565 1271 686 1356 populo
708 1271 811 1337 libero
834 1295 937 1357 pauca
958 1295 1017 1357 per
1033 1296 1133 1357 popu·
1150 1242 1185 1290 ⁶⁶

1 1358 10 1385 ³
95 1359 193 1443 lum,
224 1360 380 1444 pleraque
403 1362 535 1423 senatus
554 1358 748 1424 anctoritate
766 1363 799 1424 et
816 1359 969 1424 instituto
987 1382 1025 1425 sc
1043 1382 1133 1425 more

98 1450 329 1532 gererentur,
362 1450 460 1530 atque
491 1447 542 1511 uti
573 1446 721 1511 consules
750 1450 949 1531 potestatem
975 1446 1135 1511 haberent

98 1538 273 1620 tempore
296 1534 466 1599 dumtaxat
489 1556 636 1617 annuum,
657 1534 662 1615 Ι
683 1554 799 1618 genere
821 1534 893 1618 ipsc
917 1555 954 1598 ae
972 1534 1042 1599 iure
1061 1536 1133 1615 [pe

101 1624 261 1708 regiam.
307 1620 462 1706 Quodque
486 1626 556 1686 erat
578 1622 619 1685 ed
642 1621 853 1705 optinendam
874 1621 1056 1705 potentiam
1078 1644 1134 1686 no·

1 1716 19 1789 ³25
59 1723 87 1764 ιδ
100 1710 242 1775 bilium
265 1709 319 1773 rel
341 1710 531 1794 maximum,
553 1709 761 1774 vehementer
782 1708 817 1773 id
838 1709 1052 1794 retinebatur,
1078 1731 1134 1794 po·

103 1799 194 1883 puli
219 1796 352 1862 comitia
373 1820 414 1862 ne
437 1801 546 1862 esseut
568 1800 650 1880 rata,
675 1796 741 1861 nisi
763 1818 802 1861 ea
823 1801 954 1882 patrum
977 1799 1134 1883 adproba-

1 1877 31 1968 ¹³1³
104 1886 228 1951 visset
251 1886 437 1950 auctoritas.
475 1885 583 1969 Atque
606 1884 658 1949 his
677 1885 758 1970 ipsis
775 1886 976 1970 temporibus
995 1887 1135 1952 dictator

3 1966 25 2009 Εἰ
109 1976 227 2039 etium
260 1978 310 2037 est
341 1974 512 2038 institutus
544 1974 653 2038 decem
684 1974 752 2038 iere
785 1974 878 2038 annis
908 1978 986 2059 post
1011 1976 1133 2059 primos

1 2054 25 2097 ’Μ’
111 2063 288 2145 consules,
316 2061 351 2126 T.
374 2061 531 2144 Larciusp
548 2083 732 2144 novumque
759 2062 792 2125 id
816 2082 918 2147 genus
939 2063 1068 2146 imperii
1089 2063 1135 2127 vi-

7 2143 35 2187 ¹³
68 2164 98 2204 ²⁰
116 2172 198 2216 sum
219 2153 316 2214 estet
333 2150 519 2234 proximum
538 2148 742 2213 similitudini
755 2151 873 2235 regiae.
901 2146 983 2250 secl
999 2154 1046 2214 ta·
1060 2153 1102 2230 [p.
1116 2168 1133 2216 6

1 2233 29 2278 ᾖ
113 2260 201 2303 man
234 2238 342 2302 omnia
374 2259 501 2302 summa
537 2259 610 2302 cum
647 2238 841 2301 auctoritate
878 2260 899 2302 a
934 2238 1133 2322 prmcipibus

5 2318 33 2394 ll
80 2374 84 2381 -
115 2327 259 2392 cedente
277 2326 397 2409 populo
417 2326 620 2408 tenebantur,
643 2346 844 2410 magnaeque
862 2346 914 2389 res
933 2324 1134 2408 temporibus

3 2410 34 2474 q:
116 2414 194 2479 illis
218 2435 238 2477 a
259 2413 449 2477 fortissimis
471 2413 551 2477 viris
575 2434 701 2477 summo
724 2412 862 2495 imperio
885 2411 1050 2495 praeditis,
1073 2411 1135 2477 dic·

15 2481 33 2541 li
118 2500 290 2568 tatoribus
314 2504 411 2586 atque
434 2500 630 2584 consulibus,
652 2500 733 2564 belli
755 2500 960 2585 gerebantur.

4 2579 43 2636 ll·
76 2604 105 2644 ²⁵
195 2587 258 2653 Sed
280 2588 328 2672 id,
355 2589 439 2671 quod
461 2588 533 2651 fieri
555 2591 674 2651 natura
695 2609 803 2651 rerum
825 2586 898 2670 ipsa
920 2586 1071 2671 cogebat,
1097 2567 1187 2653 ut33

5 2678 35 2751 sss
121 2676 311 2764 plusculum
344 2676 406 2740 sibi
435 2676 514 2740 iuris
542 2676 682 2759 populus
711 2674 904 2739 adscisceret
931 2674 1089 2739 liberatus
1116 2643 1188 2741 s⁶⁷

2 2767 38 2852 iul
121 2764 269 2851 regibus,
291 2784 358 2829 non
378 2764 477 2847 longo
495 2763 679 2845 intervallo,
702 2765 793 2826 sexte
812 2761 936 2827 decimo
954 2762 1022 2827 fere
1041 2785 1136 2849 anno,

3 2856 37 2905 lli
122 2853 285 2918 Postumo
314 2847 470 2937 Colminio
494 2849 547 2935 Sp.
571 2849 685 2915 Cassio
712 2850 898 2915 consulibus
927 2872 1034 2917 conse·
1058 2853 1099 2933 [p.
1119 2869 1135 2918 τ

6 2945 38 3019 pn
123 2943 221 3007 cutus
254 2942 318 3023 est3
349 2939 385 3003 in
417 2961 480 3023 quo
513 2938 614 3002 defuit
641 2937 780 3002 fortusse
808 2938 908 3021 ratio,
941 2940 996 3003 sed
1025 2942 1136 3003 tamen

4 3031 38 3109 111²?
79 3043 109 3085 ³0
124 3027 230 3093 vincit
257 3026 331 3111 ipse
352 3048 460 3091 rerum
482 3026 686 3110 publicarum
708 3030 827 3090 natura
849 3047 946 3109 saepe
968 3027 1136 3090 rationem.

4 3124 37 3179 ‚nl
124 3116 165 3181 Id
185 3114 271 3179 enim
288 3118 443 3198 tenetote,
467 3114 552 3197 quod
570 3112 664 3176 initio
685 3112 759 3194 dixi,
777 3112 841 3176 nisi
859 3111 1040 3195 aequabilis
1056 3110 1137 3175 haec

7 3193 53 3279 pp:
125 3202 318 3269 incivitate
341 3201 550 3287 conpensatio
574 3200 618 3264 sit
641 3204 674 3264 et
696 3200 776 3264 iuris
799 3202 833 3262 et
855 3198 955 3263 officii
977 3201 1011 3262 et
1028 3219 1137 3261 mune·

5 3293 37 3359 ibt
126 3291 183 3374 ris,
206 3294 244 3354 nt
266 3294 300 3354 et
321 3290 496 3375 potestatis
520 3289 601 3352 satis
623 3288 659 3351 in
680 3286 929 3370 magistratibus
948 3286 1137 3349 etauctori-

9 3374 40 3447 sd
127 3379 209 3444 tatis
231 3378 267 3442 in
289 3378 471 3462 principum
494 3375 630 3441 consilio
654 3377 687 3439 et
710 3373 872 3437 libertatis
890 3372 925 3436 in
943 3373 1064 3457 populo
1084 3372 1136 3458 sit,

6 3479 39 3537 cit
88 3483 114 3524 ⁸⁵
128 3488 195 3531 non
225 3487 322 3550 posse
353 3466 439 3529 hunc
469 3460 777 3548 incommultabilem
806 3459 855 3523 rei
879 3460 1028 3545 publicae
1059 3462 1136 3542 [ps

6 3553 40 3641 pb
129 3554 315 3620 conservari
346 3557 478 3617 statum.
522 3549 610 3615 Nam
641 3571 714 3615 cum
746 3550 832 3612 esset
864 3568 902 3611 ex
930 3570 1003 3613 aere
1031 3549 1136 3613 alieno
1155 3560 1189 3611 58

6 3644 40 3729 [n
130 3644 294 3709 commota
316 3640 444 3723 civitas,
466 3638 560 3723 plebs
584 3641 727 3703 montem
750 3657 878 3701 sacrum
899 3636 999 3722 prius,
1025 3636 1137 3701 deinde
