2675 4209
419 278 485 333 mn.
503 278 539 333 11
563 278 639 332 oAP.
661 284 738 332 1-s.
761 282 873 343 §1-6·
1085 278 1149 345 307

137 422 282 507 fugeret,
305 419 476 506 quisquam
500 421 675 506 aliquando
697 420 822 505 fuisset,
843 442 948 505 neque
970 425 1086 487 cuncta
1107 423 1154 489 in·

136 509 243 596 genia
274 510 405 573 conlata
435 509 470 572 in
500 531 601 575 unum
633 512 762 575 tantum
793 530 890 592 posse
916 530 981 574 uno
1007 514 1154 596 tempore

136 596 327 682 providere,
354 600 391 661 ut
419 597 528 661 omnia
554 598 846 682 complecteremur
872 597 941 661 sine
963 619 1072 661 rerum
1092 620 1154 663 usu

138 708 179 751 ac
204 688 379 749 vetustate.
416 683 687 769 Quamobrem,
709 690 747 749 ut
768 684 825 749 ille
846 686 982 767 solebat,
1004 685 1054 749 ita
1069 701 1188 751 nuncu

103 793 220 838 amca
245 776 372 857 repetet
398 772 503 837 oratio
531 774 645 857 populi
672 772 876 858 originem3
906 772 1045 837 libenter
1067 774 1154 837 enim

139 861 246 925 etiam
273 861 372 925 verbo
399 864 474 925 utor
497 859 640 925 Catonis.
676 860 817 925 Facilius
841 863 964 942 autem,
994 860 1081 944 quod
1103 865 1153 925 est

4 979 13 1028 q
137 948 359 1034 propositum,
379 946 384 1031 Ι
404 970 590 1032 consequar,
614 948 643 1013 si
664 952 812 1013 nostram
834 970 904 1012 rem
922 948 1027 1033 publi·
1046 951 1086 1030 [p.
1100 965 1152 1015 287

2 1049 27 1093 Γ
138 1058 218 1102 cam
240 1035 333 1101 vobis
357 1040 390 1100 et
411 1041 597 1101 nascentem
621 1040 654 1101 et
676 1041 874 1101 crescentem
896 1040 929 1101 et
952 1037 1098 1102 adultam
1120 1041 1154 1101 et

2 1127 5 1140 '
138 1124 214 1189 iam
235 1124 364 1188 firmam
386 1128 484 1207 atque
506 1125 677 1189 robustam
699 1123 880 1207 ostendero,
903 1145 1001 1208 quarn
1024 1125 1053 1189 si
1072 1126 1154 1190 mihi

86 1234 121 1272 ιο
140 1212 300 1295 aliquam,
322 1215 359 1275 ut
382 1212 467 1297 apud
488 1210 661 1277 Platonem
685 1210 844 1296 Socrates,
866 1212 878 1276 i
902 1233 937 1276 se
959 1213 1091 1278 finxero.

214 1298 285 1364 Hoc
313 1322 386 1364 cum
415 1320 526 1364 omnes
557 1300 839 1385 adprobavissent,
868 1236 961 1374 (duod
986 1290 1189 1382 habemus?

140 1387 267 1471 inquit,
297 1386 467 1451 institutae
498 1386 546 1451 rei
576 1386 726 1472 publicae
757 1391 827 1452 tam
859 1388 983 1451 clarum
1015 1409 1053 1451 ac
1083 1367 1189 1451 cam4

141 1475 297 1541 omnibus
314 1478 428 1538 notum
447 1474 613 1539 exordium
632 1496 729 1559 quam
746 1474 842 1538 huius
861 1474 951 1537 urbis
970 1474 1153 1539 condendae

140 1562 340 1647 principium
362 1562 543 1646 profectum
567 1584 586 1627 a
604 1562 766 1627 Romulo?
790 1561 846 1645 qui
863 1564 957 1645 patre
975 1560 1081 1625 Marte
1098 1584 1154 1626 na·

87 1670 126 1711 15
141 1656 201 1715 tus
225 1646 458 1737 (conceldanms
482 1651 567 1714 enim
589 1649 697 1713 famae
718 1649 900 1732 hominum,
927 1670 1018 1733 prae·
1042 1652 1081 1729 [p.
1101 1664 1153 1715 288

142 1737 261 1803 sertim
288 1760 355 1802 non
375 1738 575 1802 inveteratae
599 1737 719 1820 solum,
746 1737 804 1802 sed
826 1738 926 1802 etiam
948 1737 1112 1823 sapienter
1134 1760 1155 1802 a

141 1825 324 1891 maioribus
346 1825 503 1910 proditae,
526 1826 607 1889 bene
630 1825 740 1889 meriti
758 1825 911 1890 derebus
930 1827 1154 1892 communibus

141 1918 184 1979 ut
212 1934 328 1998 genero
355 1914 455 1978 etiam
477 1917 683 1998 putarentur,
710 1934 777 1977 non
799 1914 905 1978 solum
927 1915 1058 2000 ingenio
1083 1936 1154 1979 esso

2 2055 6 2089 ,
143 1998 271 2086 divino)
293 2038 337 2047 -
359 2002 388 2065 is
415 2002 530 2087 igitur,
556 2006 595 2066 ut
621 2005 718 2066 natus
747 2001 804 2084 sit,
831 2024 904 2066 cum
926 2002 1029 2068 Remo
1051 2003 1153 2067 fratrc

94 2110 129 2149 ao
143 2090 264 2154 dicitur
283 2090 323 2153 ab
344 2088 486 2173 Amulio,
508 2111 585 2175 rege
603 2088 744 2173 Albano,
762 2089 804 2153 ob
822 2088 1041 2154 labefactandi
1059 2091 1152 2176 regni

3 2177 4 2186 ’
142 2178 298 2243 timorem
325 2177 367 2242 ad
389 2177 533 2242 Tiberim
555 2178 672 2263 exponi
694 2177 802 2241 iussus
825 2199 909 2263 esse;
937 2200 1001 2261 quo
1023 2178 1060 2243 in
1080 2178 1153 2244 loco

143 2288 219 2331 cum
243 2269 328 2330 esset
351 2265 510 2331 silvestris
534 2266 649 2330 beluae
668 2263 674 2347 Ι
695 2268 895 2330 sustentatus
917 2266 1023 2330 uberi·
1046 2268 1086 2345 [p.
1102 2281 1152 2329 289

142 2356 207 2419 bus
235 2357 447 2438 pastoresque
475 2375 548 2418 eum
572 2353 781 2417 sustulissent
804 2353 894 2417 etin
916 2352 1040 2437 agresti
1062 2353 1153 2417 cultu

142 2442 321 2524 laboreque
344 2442 514 2525 aluissent,
536 2441 739 2525 perhibetur,
760 2443 797 2504 ut
820 2439 1008 2521 adoleverit,
1031 2442 1064 2502 et
1086 2460 1153 2504 cor-

99 2548 128 2589 25
144 2530 235 2615 poris
259 2529 382 2594 viribus
405 2533 438 2593 et
461 2529 562 2593 animi
583 2528 753 2593 ferocitate
775 2530 904 2591 tantum
927 2525 1043 2590 ceteris
1063 2548 1154 2611 prae·

145 2618 285 2701 stitisse,
308 2622 345 2682 ut
367 2638 493 2700 omnes,
517 2617 665 2701 quitum
690 2638 745 2681 eos
768 2636 878 2700 agros,
905 2614 962 2678 ubi
983 2613 1080 2679 hodie
1103 2618 1154 2678 est

142 2707 226 2771 haec
252 2705 344 2790 urbs,
374 2705 573 2789 incolebant,
606 2726 708 2787 aequo
736 2703 845 2768 animo
872 2702 924 2767 illi
950 2702 1153 2787 libenterque

143 2797 305 2880 parerent.
351 2791 495 2867 Quorum
522 2792 623 2877 copiis
652 2814 725 2856 cum
748 2812 782 2855 se
806 2791 919 2857 ducem
941 2790 1153 2875 praebuisset,

143 2886 183 2946 ut
205 2882 271 2945 iam
294 2903 314 2945 a
335 2880 456 2945 fabulis
480 2880 521 2943 ad
542 2880 631 2945 facta
652 2878 830 2963 veniamus,
853 2880 1054 2964 oppressisse
1072 2879 1154 2944 Lon·
1190 2937 1192 2939 ,

101 2989 130 3029 eo
146 2991 223 3055 gam
237 2969 367 3051 Albam,
389 2968 532 3033 validam
551 2968 665 3032 urbem
684 2969 717 3031 et
734 2970 902 3051 potentem
922 2967 928 3049 Ι
947 2971 1027 3031 tem·
1046 2968 1086 3047 [p.
1101 2982 1153 3030 290

145 3056 280 3142 poribus
302 3056 381 3139 illis,
403 3054 636 3139 Amuliumque
658 3076 769 3140 regem
792 3054 995 3117 interemisse
1017 3053 1131 3116 fertur.

213 3141 283 3217 Qua
311 3142 417 3228 gloria
441 3147 537 3227 parta
558 3143 673 3207 urbem
696 3141 865 3225 auspicato
888 3140 1023 3204 condere
1047 3142 1080 3201 et
1101 3128 1188 3201 tir-3

146 3252 236 3295 mare
259 3230 376 3296 dicitur
397 3230 540 3316 primum
557 3228 754 3315 cogitavisse
772 3248 841 3290 rem
860 3226 1033 3310 publicam.
1069 3223 1153 3290 Urbi
1171 3204 1188 3253 ⁵

147 3322 256 3384 autem
279 3320 399 3403 locum,
422 3318 508 3401 quod
531 3320 581 3382 est
604 3317 646 3399 ei,
670 3314 727 3399 qui
749 3313 935 3377 diuturnam
957 3334 1027 3376 rem
1049 3313 1154 3398 publi·

105 3425 132 3467 as
147 3429 219 3472 cam
246 3428 352 3471 serere
380 3408 528 3488 conatur,
558 3402 807 3488 diligentissime
829 3399 1076 3487 providendum,
1104 3401 1154 3467 in-

146 3494 293 3559 credibili
321 3492 543 3579 oportunitate
571 3490 701 3577 delegit.
745 3488 860 3573 Neque
887 3488 973 3554 enim
1001 3492 1042 3555 ad
1064 3512 1154 3555 mare

147 3582 301 3667 admovit,
324 3580 410 3666 quod
433 3580 464 3644 ei
484 3578 548 3643 fuit
569 3578 629 3643 illa
651 3600 750 3644 manu
769 3576 935 3663 copiisque
951 3578 1154 3661 facillimum,

885 3680 940 3734 20*
