2675 4209
329 269 399 325 ΜΒ.
418 270 453 325 IL
477 270 552 326 car.
574 278 687 327 rs-so.
709 276 857 338 sss-ss.
1026 272 1091 337 317

90 406 246 497 disciplina
281 413 413 481 doctior
437 413 527 480 facta
553 436 624 479 esse
651 414 775 480 civitas.
818 414 952 480 Influxit
979 416 1022 497 [p.
1041 432 1093 482 m

88 497 156 564 enim
182 524 258 567 non
292 503 404 567 tenuis
431 503 562 586 quidam
589 525 606 567 e
634 501 771 568 Graecia
796 503 922 567 rivulus
947 502 984 567 in
1008 502 1094 569 hanc

86 586 191 673 urbem,
216 590 285 655 sed
310 590 609 656 abundantissimus
632 591 736 656 amnis
758 590 890 655 illarum
911 590 1094 675 disciplina·

80 693 138 738 rum
165 681 203 742 et
229 679 373 744 artium.
416 676 530 743 Fuisse
554 679 639 743 enim
662 678 823 763 quendam
845 678 955 743 ferunt
977 678 1094 742 Dema·

59 765 174 829 tratum
190 764 415 833 Corinthium
438 770 471 831 et
491 766 614 833 honore
638 770 672 831 et
690 766 884 831 auctoritate
902 769 936 829 et
952 765 1093 831 fortunis

72 846 159 916 facile
185 854 348 921 civitatis
372 876 448 917 suae
466 854 660 939 principem
684 855 741 938 qui
762 876 837 919 cum
850 852 1094 919 Corinthiorum

71 938 258 1017 tyrannm
283 941 461 1026 Cypselum
483 941 568 1007 ferre
589 964 655 1007 non
677 942 852 1026 potuisset,
874 941 998 1028 fugisse
1021 964 1094 1008 cum

70 1024 200 1121 sagina
219 1030 367 1116 pecunia
381 1028 497 1094 dicitur
509 1052 546 1095 ac
556 1052 590 1094 se
600 1030 776 1095 contulisse
784 1030 987 1115 Tarquinios,
995 1034 1095 1113 [plu

69 1133 98 1175 111
125 1118 261 1183 urbem
289 1116 442 1183 Etruriae
471 1117 743 1183 florentissimam.
793 1116 938 1203 Cumque
968 1120 1095 1185 audiret

41 1198 343 1271 edomationem
362 1203 494 1289 Cypseli
516 1206 709 1289 confirmari,
732 1205 858 1292 defugit
879 1207 1022 1291 patriam
1043 1208 1095 1272 vir

69 1286 150 1355 liber
177 1317 225 1359 ae
249 1294 349 1359 fortis
374 1296 407 1356 et
430 1293 570 1359 adscitus
594 1297 644 1359 est
666 1292 745 1358 civis
768 1316 789 1359 a
806 1294 1095 1378 Tarquiniensibus

68 1379 169 1462 atque
205 1384 248 1447 in
280 1403 319 1446 ea
348 1380 480 1446 civitate
508 1381 707 1446 domicilium
734 1385 768 1447 et
795 1382 886 1447 sedes
913 1381 1095 1446 collocavit.

68 1458 135 1531 Ubi
171 1493 257 1535 cum
291 1469 329 1533 de
361 1472 466 1533 matre
494 1469 637 1534 familias
665 1468 893 1554 Tarquiniensi
920 1468 982 1533 duo
1008 1468 1094 1533 filios

21 1604 23 1646 ὲ
68 1558 333 1651 procreavisset‚
356 1557 505 1622 omnibus
528 1579 583 1623 eos
607 1557 732 1623 artibus
756 1558 797 1622 ad
815 1556 1011 1623 Graecorum
1034 1556 1096 1621 dis·

22 1655 23 1664 ’
41 1650 60 1687 ¹⁵
71 1644 244 1725 oplinam
267 1646 398 1711 erudiit.
412 1694 420 1709 .
434 1694 442 1710 .
456 1695 464 1710 .

329 1786 573 1867 [Desideractur
589 1787 728 1869 papissae
749 1786 851 1867 duae]

23 1022 30 1038 Γ

152 1958 162 1976 .
179 1908 339 1977 ...facile
357 1909 392 1973 in
410 1908 575 1975 civitatem
593 1912 743 1993 receptus
762 1913 856 1993 esset,
874 1931 968 1995 prop
982 1911 1024 1991 [p.
1043 1871 1148 1997 219}ss

23 1975 27 2046 l
74 1995 128 2059 ter
157 1998 403 2063 humanitatem
427 2001 524 2081 atque
547 1996 729 2061 doctrinam
751 1995 843 2062 Anco
866 1999 937 2084 regi
958 1998 1095 2063 familia-

25 2144 27 2155 ,
77 2081 125 2147 ris
156 2090 213 2151 est
234 2086 340 2151 iactus
363 2107 465 2168 usque
487 2107 539 2169 eo,
566 2088 604 2149 ut
626 2084 835 2150 consiliorum
858 2087 1002 2151 omnium
1024 2108 1096 2171 par-

23 2163 26 2200 ”
77 2169 193 2260 ticeps
220 2177 254 2238 et
281 2172 385 2239 socius
413 2194 514 2257 paene
541 2172 634 2258 regni
661 2177 840 2257 putaretur.
888 2173 971 2239 Erat
996 2174 1031 2238 in
1058 2196 1095 2239 eo

43 2264 67 2306 ²⁰
80 2266 258 2341 praeterea
294 2284 421 2326 summa
452 2260 602 2342 comitas,
642 2282 770 2325 summa
804 2261 839 2325 in
875 2262 980 2325 omnis
1017 2262 1096 2325 civis

80 2350 175 2434 opis,
203 2349 328 2432 auxilii,
356 2348 566 2432 defensionis,
593 2348 753 2433 largiendi
781 2348 880 2411 etiam
902 2348 1097 2431 benignitas.

79 2432 204 2522 ltaque
234 2441 362 2502 mortuo
389 2436 511 2501 Marcio
543 2436 667 2501 cunetis
699 2436 813 2520 populi
844 2435 1009 2520 suffragiis
1040 2457 1096 2499 rex

82 2530 136 2590 est
164 2529 291 2590 creatus
314 2524 350 2589 L.
368 2523 577 2608 Tarquinius3
601 2524 647 2588 sic
666 2524 752 2586 enim
772 2522 777 2607 l
797 2543 891 2586 suum
913 2544 969 2588 no·
989 2524 1029 2604 [p.
1044 2539 1097 2589 220

82 2634 165 2679 men
192 2635 231 2678 ex
254 2611 377 2677 Gracco
399 2611 529 2676 nomine
552 2611 729 2694 inflexerat,
752 2613 789 2674 ut
811 2609 847 2673 in
869 2610 957 2675 omni
980 2632 1096 2697 genere

48 2708 70 2749 ²⁵
84 2698 186 2766 huius
209 2700 322 2785 populi
344 2700 607 2766 consuetudinem
625 2699 790 2764 videretur
808 2698 965 2765 imitatus.
999 2698 1097 2785 Isque

84 2794 123 2855 ut
139 2789 180 2852 de
194 2810 253 2853 suo
267 2788 403 2873 imperio
417 2789 525 2873 legem
538 2787 623 2871 tulit,
636 2786 796 2871 principio
812 2787 990 2872 duplicavit
1003 2788 1096 2853 illum

84 2876 265 2963 pristinum
287 2880 417 2961 patrum
439 2897 610 2941 numerum
631 2878 663 2939 et
682 2875 833 2959 antiquos
851 2880 961 2960 patres
980 2876 1097 2940 maio·

85 2987 172 3031 rum
205 2964 376 3048 gentium
409 2964 600 3048 appellavit,
633 2984 714 3048 quos
745 2963 870 3047 priores
903 2964 1097 3027 sententiam

86 3052 239 3137 rogabat,
262 3074 282 3116 a
304 3073 338 3117 se
362 3051 502 3117 adscitos
526 3051 722 3116 minorum.
767 3050 892 3114 Deinde
915 3049 1096 3132 equitatum
1114 3062 1149 3111 36

21 3152 75 3219 affl]
90 3141 133 3205 ad
164 3140 251 3203 hune
281 3162 404 3205 morem
438 3139 620 3220 constituit,
652 3139 709 3222 qui
734 3134 845 3221 usique
873 3136 976 3200 adhue
1002 3136 1043 3215 [p.
1062 3151 1096 3199 ss

94 3230 143 3293 est
170 3230 328 3309 retentus,
356 3248 416 3291 nec
442 3227 550 3311 potuit
572 3224 765 3289 Titiensium
787 3225 821 3285 et
842 3221 1098 3286 Rhamnensium

93 3320 126 3381 et
141 3314 299 3379 Lucerum
318 3318 453 3395 mutare,
472 3336 545 3379 cum
563 3314 703 3397 cuperet,
720 3309 863 3394 nomina,
881 3309 967 3393 quod
985 3312 1098 3375 auctor

95 3403 124 3467 ei
145 3424 272 3468 summa
294 3424 398 3487 augur
417 3401 522 3487 gloria
536 3400 636 3465 Attus
650 3396 774 3463 Navius
792 3418 859 3461 non
878 3400 956 3461 erat.
988 3397 1097 3482 Atque

97 3490 192 3555 etiam
215 3488 402 3555 Corinthios
430 3489 523 3553 video
550 3486 690 3573 publicis
718 3484 809 3568 equis
832 3485 1041 3571 adsignandis
1064 3490 1098 3551 et

63 3594 85 3635 ³⁵
99 3578 215 3643 alendis
239 3577 393 3643 orborum
416 3579 449 3640 et
470 3576 641 3641 viduarum
663 3572 797 3639 tributis
814 3572 915 3639 fuisse
934 3573 1095 3660 quondam
