2675 4209
240 271 305 335 316
592 269 641 323 DE
659 269 709 323 RE
726 268 883 324 PUBLICA

240 434 387 501 gnaeque
405 413 583 478 extiterunt
595 435 647 478 res
661 414 807 498 bellicae,
823 413 964 497 fecitque
976 413 1062 477 idem
1076 417 1109 478 et
1122 415 1306 499 saepsit

240 502 278 566 de
297 502 458 567 manubiis
477 501 645 567 comitium
663 506 698 565 et
714 502 837 567 curiam
855 502 1088 585 constituitque
1100 501 1163 585 ius,
1187 525 1295 586 quo

239 590 328 655 bella
358 590 587 673 indicerentur,
619 590 706 673 quod
732 612 790 674 per
817 611 851 653 se
877 589 1055 653 iustissime
1077 588 1291 655 inventum

239 705 267 758 p.
282 679 348 758 218]
373 678 481 742 sanxit
500 678 505 761 1
524 677 630 741 fetiali
647 678 814 763 religione,
836 681 874 742 nt
891 699 986 741 omne
1004 677 1137 761 bellum,
1161 680 1288 761 quod

240 766 465 830 denuntiatum
487 764 707 849 indictumque
729 787 796 830 non
818 769 917 848 esset,
943 765 977 829 id
999 765 1158 829 iniustum
1178 786 1281 831 esse
1307 790 1316 830 ε

241 857 338 937 atque
364 853 489 937 inpium
514 852 719 917 iudicaretur.
763 852 809 917 Et
830 857 868 917 ut
890 852 1068 917 advertatis
1091 852 1280 937 animum,

241 963 339 1024 quam
373 941 535 1025 sapienter
562 940 630 1004 iam
660 961 754 1026 reges
788 941 850 1005 hoc
874 940 982 1005 nostri
1007 940 1161 1023 viderint,
1194 942 1275 1004 tri-

240 1028 367 1093 buenda
396 1029 553 1112 quaedam
583 1049 653 1092 esse
680 1028 802 1112 populo
830 1027 950 1113 (multa
976 1028 1063 1093 enirn
1088 1028 1187 1093 nobis
1213 1029 1272 1093 de

240 1115 703 1288 littltdttttltl
720 1138 770 1267 ἑέῖ
788 1115 971 1269 title
994 1115 1267 1268 lilimuleil?
1288 1228 1316 1267 a

241 1291 408 1358 duodecim
430 1292 560 1356 lictores
584 1312 657 1356 cum
679 1292 822 1356 fascibus
845 1292 968 1357 anteire
989 1292 1141 1357 liceret..
1156 1339 1189 1357 ..

488 1448 727 1531 [Desideraatar
741 1452 879 1533 popinae
900 1451 1002 1531 duae]

189 1623 223 1671 sa
308 1606 358 1675 De
377 1607 467 1672 fallo
484 1609 594 1690 quippe
611 1608 705 1672 etam
719 1606 865 1683 Hostilio,
887 1606 941 1688 qui
958 1607 1065 1672 tertias
1081 1627 1103 1671 a
1114 1605 1257 1673 Romulo

240 1716 296 1761 ree
311 1697 382 1775 fnit,
404 1697 459 1775 qai
475 1701 505 1760 et
516 1698 580 1777 ipse
590 1696 723 1775 fulmine
735 1694 913 1774 absumptas
930 1699 981 1777 est,
1003 1695 1078 1759 dicit
1089 1697 1125 1760 ira
1136 1696 1256 1761 eadem

243 1785 330 1848 lrlrrr's
347 1784 427 1847 idem
441 1781 543 1847 Or'cero
555 1788 719 1863 propterea
735 1786 765 1845 et
780 1782 873 1844 r'stam
890 1802 953 1846 reor
970 1784 1117 1847 creditore
1129 1784 1165 1847 ira
1178 1784 1255 1849 deos

241 1874 392 1951 receptam
415 1870 472 1933 toli
493 1875 597 1947 morte,
620 1871 695 1950 quia
714 1869 852 1948 sortasse,
874 1871 956 1950 quod
975 1876 1043 1935 eat
1062 1872 1098 1935 r'rr
1114 1870 1251 1936 Romulo
1269 1892 1302 1933 ra

236 1958 415 2041 motatum,
436 1958 473 2022 id
492 1962 538 2022 est
553 1976 750 2039 casensem,
771 1955 910 2021 Romam
931 1958 1054 2039 sulpure
1075 1960 1251 2037 calceant,

241 2046 278 2111 r‘d
306 2051 351 2110 est
379 2046 439 2109 vile
467 2045 580 2124 foena,
615 2045 645 2109 si
674 2044 730 2107 hoe
759 2048 789 2108 et
818 2046 909 2109 alteri
936 2046 1029 2126 facile
1059 2046 1248 2111 tribueretur.

241 2132 452 2217 (depastione
473 2134 509 2197 de
531 2134 585 2197 civ.
607 2132 656 2197 dei
677 2131 745 2195 ΙΙΙ
761 2132 825 2215 15.)

190 2238 269 2363 ὲὲρ.
281 2258 346 2337 171]
421 2274 595 2336 ...meque
614 2254 701 2319 enim
718 2254 829 2339 serpit,
847 2255 903 2319 sed
921 2256 1013 2321 volat
1032 2257 1068 2321 in
1086 2257 1246 2341 optimum

243 2347 366 2408 statum
384 2342 536 2407 instituto
553 2345 611 2407 tuo
631 2363 778 2407 sermone
797 2364 849 2407 res
863 2342 1002 2427 publica.
1029 2344 1062 2410 S.
1075 2344 1155 2409 Post
1172 2367 1245 2410 eum
1260 2367 1288 2407 ac

241 2431 369 2497 Numae
389 2430 545 2514 Pompilii
565 2451 666 2514 nepos
690 2451 729 2494 ex
750 2430 819 2494 filia
840 2452 898 2493 rex
920 2452 941 2495 a
961 2434 1083 2516 populo
1107 2435 1156 2496 est
1178 2432 1245 2497 An·

242 2542 298 2585 cus
311 2519 450 2584 Marcius
470 2517 675 2601 constitutus,
693 2517 835 2601 itemque
854 2518 893 2581 de
910 2518 1048 2603 imperio
1067 2542 1126 2584 suo
1140 2520 1245 2606 legem

242 2608 400 2673 curiatam
422 2606 508 2670 tulit.
545 2604 607 2680 Qui
630 2627 703 2669 cum
724 2604 859 2670 Latinos
882 2606 969 2671 bello
993 2607 1170 2691 devicisset,
1192 2610 1244 2673 ad·

243 2695 338 2760 scivit
362 2715 416 2757 eos
438 2693 473 2756 in
491 2693 665 2776 civitatem,
688 2695 786 2775 atque
803 2693 889 2757 idem
903 2693 1100 2759 Aventinum
1119 2699 1152 2760 et
1168 2694 1243 2761 Cae·

243 2782 323 2846 lium
351 2784 495 2845 montem
523 2780 670 2843 adiunxit
697 2780 783 2863 urbi,
811 2801 955 2864 quosque
983 2804 1080 2866 agros
1108 2789 1241 2869 ceperat,
1254 2802 1280 2844 as

242 2868 467 2949 p.172]dirisit
481 2871 513 2931 et
528 2867 627 2932 silvas
641 2867 822 2931 maritimas
837 2869 942 2932 omnis
951 2870 1138 2954 publicavit,
1149 2869 1153 2955 1
1165 2894 1240 2955 quas

243 2960 380 3042 ceperat,
404 2959 436 3019 et
460 2955 501 3019 ad
524 2955 643 3020 ostium
666 2954 792 3019 [liberis
815 2957 928 3020 urbem
951 2958 1094 3022 condidit
1111 2960 1240 3023 colonis-

244 3067 305 3130 que
332 3044 484 3109 firmavit.
529 3043 637 3127 Atque
663 3042 712 3107 ita
738 3065 812 3109 cnm
837 3047 903 3109 tres
931 3048 964 3109 et
990 3045 1109 3131 viginti
1134 3068 1268 3133 regna,

241 3133 343 3198 visset
367 3152 482 3215 annos,
505 3134 555 3195 est
578 3134 734 3195 mortuus
778 3130 861 3196 Tum
883 3131 1027 3197 Laelius:
1054 3133 1237 3200 Laudandus
1301 3139 1316 3220 q

185 3280 186 3283 ,
242 3222 341 3286 etiam
363 3220 427 3284 iste
450 3241 520 3303 rex,
547 3219 603 3283 sed
626 3219 763 3284 obscura
786 3223 837 3283 est
858 3219 997 3285 historia
1018 3220 1175 3306 Romana,
1199 3224 1273 3287 siro

243 3310 370 3393 quidem
394 3308 489 3371 istius
512 3307 599 3391 regis
622 3311 762 3371 matrem
784 3307 955 3392 habemus,
981 3308 1167 3394 ignoramus
1186 3334 1236 3395 pa-

241 3400 335 3461 trem.
380 3395 413 3461 S.
435 3394 488 3459 Ita
512 3398 574 3476 est,
596 3395 717 3478 inquit,
739 3395 797 3458 sed
818 3399 1002 3479 temporum
1023 3396 1155 3462 illorum
1173 3400 1235 3463 tan-

242 3487 313 3548 tum
335 3483 402 3547 fere
425 3503 540 3567 regum
562 3482 739 3546 inlustrata
761 3485 837 3546 sunt
859 3483 1000 3548 nomina.

188 3543 231 3667 ff
308 3567 372 3635 Sed
401 3570 464 3633 hoc
496 3570 567 3634 loco
594 3570 736 3653 primum
762 3569 890 3634 videtur
916 3570 1050 3636 insitiva
1077 3569 1232 3662 quadam!
