2675 4209
2 1180 11 1189 ,.

1 1198 4 1207 .

2 1269 10 1293 ,-
23 1239 32 1300 Ι

4 1300 9 1307 .

175 312 257 369 LIB.
276 312 311 367 11.
335 311 412 366 clP.
432 318 545 368 42-44.
564 318 580 378 θ
599 318 717 378 69-70,
737 311 805 367 LIB.
824 314 872 367 111.
890 313 1028 369 cadolt
1051 315 1114 380 331

358 563 404 639 n
434 562 594 635 runnu
621 564 869 639 ciouaoms

232 738 347 835 DE
405 738 517 837 RE
575 738 999 838 PUBLIOA

428 930 568 993 LIBER
596 933 804 997 TERTIUS.

164 1214 460 1277 ARGUMENTUM
482 1214 707 1277 AUGUSTINI
730 1210 780 1299 (de
798 1219 852 1279 civ.
872 1219 921 1279 dei
938 1218 970 1279 11
989 1212 1055 1300 21).

176 1347 267 1401 Cuius
295 1347 467 1417 quaestionis
492 1364 507 1401 e
547 1348 644 1403 licstio
667 1366 731 1404 cnm
752 1349 783 1403 in
805 1349 880 1404 diem
902 1351 1118 1418 consequentem

2 1447 6 1453 ,
88 1418 201 1472 dilata
226 1419 314 1486 esset,
339 1418 370 1471 in
393 1418 479 1472 tertio
505 1418 578 1473 liro
605 1436 709 1489 magns
726 1418 904 1474 conflictione
920 1436 965 1473 res
983 1422 1047 1473 seta
1065 1422 1117 1473 est,

5 1536 11 1541 ,,
88 1488 243 1557 Suscepit
261 1488 335 1542 enim
352 1488 449 1542 Philus
468 1488 529 1558 ipse
548 1489 768 1560 disputationem
787 1505 895 1556 eorum,
914 1488 963 1557 qui
981 1490 1119 1543 sentirent

2 1568 10 1572 ”
90 1560 173 1615 sinc'
194 1558 334 1613 iniustitia
357 1559 418 1628 geri
440 1576 497 1613 non
514 1576 597 1630 posse
616 1577 676 1614 rem
693 1558 847 1628 publicam,
870 1575 993 1628 purgans
1011 1560 1118 1639 praeci·

89 1648 176 1700 pue,
201 1646 237 1684 ne
257 1631 311 1683 hoc
328 1628 390 1699 ipse
409 1630 513 1683 sentire
533 1630 703 1698 crederetur,
726 1628 842 1697 egitque
861 1629 958 1683 sedulo
977 1646 1028 1699 pro
1047 1629 1118 1683 inin·

91 1701 190 1755 stitia
209 1701 307 1754 contra
324 1698 469 1765 iustitiam,
488 1702 521 1753 ut
537 1700 610 1753 hanc
628 1716 690 1754 esse
707 1698 806 1753 utilem
823 1698 865 1752 rei
882 1697 1020 1769 publicae,
1039 1699 1119 1754 illam

92 1788 175 1827 vero
196 1769 327 1825 inutilem
344 1770 404 1824 veri
422 1770 560 1825 similibus
579 1771 734 1826 rationibus
752 1772 783 1824 et
796 1771 931 1839 exemplis
945 1771 1025 1825 velut
1038 1787 1118 1825 conc·

94 1845 187 1896 retur
216 1840 370 1895 ostendere.
409 1841 479 1893 Tum
502 1840 613 1897 Laelius
640 1841 805 1911 rogantibus
830 1842 958 1896 omnibus
980 1841 1119 1896 iustitiam

2 1922 7 1924 ’
96 1912 262 1967 defendere
280 1911 428 1979 adgressus
447 1913 491 1964 est
504 1912 686 1979 asseruitque,
705 1914 840 1981 quantum
853 1912 955 1981 potuit,
973 1912 1045 1965 nihil
1059 1915 1119 1967 tam

98 1982 256 2037 inimicum
281 1998 365 2051 quam
389 1980 557 2035 iniustitiam
583 1982 706 2049 civitati,
732 1998 783 2036 nec
806 1982 920 2036 omnino
944 1982 999 2035 nisi
1017 2000 1119 2052 magns

99 2052 221 2107 iustitis
243 2052 303 2122 geri
327 2053 377 2105 aut
400 2053 473 2105 stare
496 2067 579 2121 posse
603 2051 830 2122 rempublicam.
868 2051 928 2116 Qua
946 2053 1118 2122 quaestione,

101 2125 246 2191 quantum
268 2122 337 2177 satis
355 2121 447 2176 visum
466 2124 522 2187 est,
540 2124 713 2191 pertractata
731 2122 826 2193 Scipio
845 2124 882 2177 ad
900 2123 1059 2177 intermissa
1076 2140 1119 2178 re·

101 2195 231 2248 vertitur
247 2192 401 2261 recolitque
421 2208 499 2245 susm
512 2192 596 2261 atquc
612 2192 790 2247 commendat
802 2195 916 2249 brevem
933 2193 1117 2265 reipublicae

103 2263 311 2333 definitionem,
330 2280 386 2332 qua
400 2262 508 2316 dixerat
521 2280 582 2315 earn
597 2279 657 2317 esse
672 2281 731 2317 rem
744 2264 856 2333 populi3
875 2264 1010 2334 populum
1024 2267 1119 2319 autem

103 2352 167 2389 non
187 2351 296 2387 omnem
315 2336 425 2387 coetum
443 2331 640 2400 multitudinis,
660 2334 709 2388 sed
728 2336 837 2387 coetum
855 2334 923 2386 iuris
939 2351 1075 2388 consensu
1090 2338 1120 2389 et

104 2403 245 2459 utilitatis
264 2403 457 2458 communione
474 2403 610 2457 sociatum
625 2420 685 2458 esse
700 2404 875 2457 determinat.
903 2404 995 2457 Docet
1008 2404 1118 2472 deinde,

106 2476 219 2545 quanta
236 2473 275 2529 sit
292 2474 321 2527 in
336 2474 377 2527 dis
400 2473 505 2528 utando
520 2473 692 2528 definitionis
705 2474 823 2542 utilitas,
842 2474 926 2541 atque
940 2488 974 2525 ex
987 2472 1045 2526 illis
1060 2475 1118 2529 suis

107 2544 322 2601 definitionibus
342 2492 453 2614 codigit
469 2546 537 2599 tunc
557 2561 617 2598 esse
635 2561 695 2599 rem
713 2543 864 2615 publicam,
881 2542 912 2595 id
931 2544 976 2623 est
992 2560 1051 2597 rem
1069 2561 1118 2613 po·

106 2615 186 2687 puli,
211 2632 274 2668 cum
290 2615 361 2668 bene
380 2631 413 2668 ac
430 2614 504 2669 iuste
523 2614 629 2684 geritur
647 2614 707 2668 sive
726 2615 761 2667 ab
780 2630 835 2667 uno
854 2629 920 2681 rege
939 2630 997 2667 srve
1016 2630 1034 2666 a
1051 2631 1118 2683 pau-

107 2686 153 2740 cis
177 2684 360 2754 optimatibus
384 2685 443 2739 sive
467 2686 502 2738 ab
525 2685 655 2739 universo
674 2684 787 2754 populo.
826 2682 894 2736 Cum
913 2700 980 2737 vero
998 2682 1118 2738 iniustus

107 2759 157 2811 est
181 2772 242 2821 rex,
268 2772 350 2823 quem
375 2756 524 2822 tyrannum
545 2772 622 2809 more
641 2754 747 2809 Graeco
766 2753 934 2824 appellavit,
954 2756 1003 2808 ant
1020 2754 1119 2809 iniusti

108 2826 273 2896 optimates,
291 2842 406 2892 quorum
422 2842 587 2887 consensum
601 2826 674 2879 dixit
687 2842 747 2880 esse
761 2824 922 2895 factionem,
935 2828 985 2880 aut
998 2825 1118 2881 iniustus

108 2898 174 2965 ipse
192 2895 326 2966 populus,
346 2894 391 2949 cui
408 2912 509 2949 nomen
528 2896 663 2950 usitatum
680 2913 737 2950 non
754 2895 891 2966 repperit,
909 2896 965 2949 nisi
982 2898 1015 2950 ut
1033 2897 1119 2951 etiam

109 2968 205 3035 ipsum
224 2968 372 3033 tyrannum
390 2967 511 3034 vocaret,
530 2983 586 3019 non
604 2966 661 3020 iam
677 2966 816 3031 vitiosam,
835 2967 909 3019 sicut
922 2966 1013 3034 pridie
1027 2967 1119 3020 fuerat

111 3035 300 3106 disputatum,
324 3034 385 3102 sed,
409 3035 482 3088 sicut
499 3036 572 3090 ratio
590 3053 623 3090 ex
641 3036 699 3089 illis
718 3035 927 3089 definitionibus
947 3052 1052 3089 conexa
1070 3036 1119 3090 do·

111 3106 225 3172 suisset,
244 3104 357 3159 omnino
375 3106 481 3158 nullam
500 3122 560 3159 esse
578 3122 637 3159 rem
656 3106 805 3175 publicam,
825 3105 956 3173 quoniam
973 3120 1030 3158 non
1044 3108 1119 3159 esset

2 3198 23 3215 ν
111 3193 157 3231 res
183 3176 296 3245 populi,
321 3192 384 3229 cum
406 3178 540 3243 tyrannus
563 3192 625 3229 eam
646 3176 769 3229 factiove
793 3176 962 3243 capesseret,
985 3191 1038 3228 nec
1056 3173 1118 3242 ipse

111 3246 233 3317 populus
247 3246 303 3299 iam
316 3245 437 3316 populus
452 3247 535 3312 esset,
555 3245 578 3298 si
594 3247 668 3300 esset
681 3246 808 3309 iniustus,
828 3244 959 3311 qnoniam
972 3259 1029 3296 non
1043 3247 1120 3298 esset

112 3317 265 3370 multitudo
278 3316 346 3369 iuris
361 3332 497 3369 consensu
511 3317 541 3370 et
554 3315 688 3370 utilitatis
702 3314 895 3369 communione
910 3312 1025 3385 sociato,
1044 3313 1119 3369 sicut

113 3387 233 3458 populus
251 3386 343 3443 fuerat
360 3386 500 3442 definitus.

510 3547 719 3561 -n——uu-n
