2675 4209
348 255 417 310 ΜΒ.
437 255 484 311 vl.
503 254 579 309 cAP.
599 261 677 310 3-7.
696 260 712 321 s
730 262 808 310 3-7.
1035 256 1101 320 369

81 402 166 465 dnm
191 400 240 477 sit,
262 400 404 481 quirem
422 398 581 481 publicam
602 418 670 462 cnm
689 399 865 479 prudentia,
887 400 1016 475 iustitia,
1036 399 1101 479 for·

81 488 225 553 titudine
246 508 283 552 ac
304 488 509 551 moderatione
531 488 736 551 necaverint.
764 485 834 579 §eol
852 487 906 551 ille
922 487 1103 551 Platonicus

17 658 18 661 Ἴ
78 580 275 641 secretorum
296 575 410 639 relator
426 575 477 640 Er
493 576 620 656 qnidam
638 576 762 639 nomine
776 574 848 654 fuit,
870 576 995 638 natione
1007 574 1101 638 Pam

74 664 217 745 plcplns‚
244 663 332 729 miles
354 663 468 744 officio,
495 664 549 743 qni
571 684 640 727 oum
661 663 837 727 culnoilms
857 662 894 726 in
909 664 1029 744 proelio
1051 682 1102 726 ao·

54 752 185 833 ⁵ceptis
211 752 308 815 uitam
335 750 477 829 effudisse
502 752 586 815 nisus
612 752 786 816 duodecimo
808 751 930 815 minum
952 752 1002 815 die
1021 751 1103 815 inter

81 845 204 903 eeteros
220 858 286 902 una
298 843 468 920 peremptos
486 838 594 902 ultimo
612 845 687 903 esset
698 839 896 904 lonmardm
908 840 986 921 ique,
1003 838 1102 904 subito

80 947 143 992 seu
176 931 294 1007 recepta
325 928 434 990 anima
459 946 513 990 seu
539 930 667 1004 retenta,
699 928 844 1008 quicquid
868 929 996 993 aucuns
1022 929 1104 991 inter

21 1010 26 1037 ⁷
80 1020 255 1095 utramque
276 1016 373 1078 ollam
394 1014 498 1079 dicbus
521 1019 621 1095 eperat
641 1016 801 1093 uidmdm,
824 1020 983 1097 tamquam
998 1017 1102 1098 publi·

85 1124 166 1167 eiam
183 1102 342 1184 professus
359 1103 509 1165 indicium
526 1102 661 1166 lcnmano
676 1105 781 1185 qeneri
798 1106 977 1169 enuntiarit.
1007 1105 1104 1168 Hanc

42 1202 69 1242 10
80 1191 236 1271 fabulam
258 1190 361 1255 Cicero
384 1190 452 1254 licet
472 1190 512 1254 ab
534 1191 663 1255 indoctis
685 1193 775 1272 quasi
796 1192 861 1272 ipse
882 1193 946 1255 ueri
967 1193 1104 1256 consciccs

82 1280 195 1343 doleat
181 1279 362 1355 limosam,
389 1278 558 1359 exemplum
585 1283 688 1342 tamen
713 1280 841 1344 stolidae
862 1278 1104 1359 reprehensionis

81 1368 197 1431 citans
218 1366 345 1429 cantari
365 1370 571 1429 narraturum
592 1386 687 1447 quam
708 1368 882 1430 reviviscere
902 1365 1023 1429 maluit.

159 1453 209 1517 Ac
225 1454 318 1534 prius
335 1474 429 1535 quom
447 1455 560 1517 somnii
555 1453 668 1516 'umba
685 1454 887 1532 consulamus,
910 1454 1137 1557 enodandum7
1122 1430 1141 1495 7

83 1542 254 1606 nobist
210 1546 264 1617 est,
293 1562 315 1604 a
344 1562 402 1642 qno
425 1562 532 1623 qencre
558 1541 718 1604 lominum
742 1540 864 1604 Tullius
889 1546 1034 1604 memoret
1021 1510 1137 1605 toel⁷

45 1641 70 1682 1⁵
85 1631 223 1694 irrisam
233 1590 324 1693 Pl
290 1631 392 1694 atonis
412 1630 553 1709 fabulam
574 1629 628 1706 uel,
651 1649 691 1691 ne
711 1628 771 1693 sibi
792 1628 872 1691 idem
894 1628 1019 1706 eueniat,
1041 1648 1104 1692 non

84 1718 198 1782 vereri.
244 1717 309 1781 Nee
335 1719 417 1781 enim
443 1716 492 1780 liis
518 1717 615 1782 uerbis
641 1717 708 1780 nult
695 1717 900 1797 tinperitum
925 1677 1069 1799 momnis
1055 1737 1104 1780 m·

87 1806 202 1887 telleqi,
220 1806 273 1869 sed
282 1826 378 1887 penus
391 1805 550 1869 lominum
563 1806 627 1870 ocri
640 1806 786 1887 iqnarum
799 1806 855 1869 soil>
862 1807 996 1887 peritiae
1008 1810 1103 1871 osten·

17 1932 20 1971 3
88 1894 217 1971 tatione,
239 1894 350 1974 quippe
367 1897 488 1974 quoset
506 1894 609 1975 leqisse
627 1894 752 1958 taliaet
768 1895 811 1957 ad
826 1894 1104 1995 reprehendendum

19 2024 20 2033 κ
89 1982 250 2046 animatos
276 1986 434 2045 constaret
413 1978 702 2046 tDicomust
643 1984 752 2063 cqitur,
780 1987 809 2045 ct
829 2002 905 2063 qnos
925 1983 961 2045 in
983 1986 1105 2046 tantum

16 2082 75 2130 .20
82 2068 306 2171 philosophum
337 2070 452 2150 referat
482 2071 638 2151 quondam
666 2090 810 2134 censurae
836 2071 1001 2135 mancuso
1034 2070 1104 2133 leui-

18 2152 22 2225 ἶ
90 2162 201 2236 tatcrri,
230 2159 332 2239 quisue
355 2178 459 2222 earum
480 2159 573 2222 etiam
595 2160 690 2239 script
690 2179 741 2221 am
763 2159 921 2239 reliquerit
941 2158 1105 2223 acacsatio·

217 2246 507 2326 ..Epicureorum
535 2251 597 2310 tota
621 2246 717 2325 factio
743 2266 837 2325 aequo
863 2266 979 2325 semper
1004 2266 1105 2309 cruore

90 2355 114 2398 a
142 2352 213 2397 ocra
217 2294 392 2397 „murat
363 2338 392 2397 et
422 2333 480 2398 illa
511 2352 626 2414 semper
652 2334 717 2397 cais
719 2334 833 2395 limans
854 2333 996 2408 ridenda,
1026 2353 1105 2414 quae

89 2422 225 2497 nesciat,
251 2440 375 2485 sacrum
397 2422 537 2485 uolumen
559 2425 588 2484 ct
609 2421 829 2503 anqustissimo
851 2419 954 2483 irrisit
974 2425 1106 2484 naturae

47 2521 74 2564 ²⁵
89 2510 186 2574 seria.
231 2506 348 2571 Colotes
378 2527 446 2571 uero
478 2507 559 2571 inter
585 2508 720 2587 Epicuri
745 2508 899 2571 auditores
926 2507 1106 2589 loquacitate

90 2596 261 2662 notabilior
283 2594 376 2657 etiam
397 2595 433 2657 in
456 2594 568 2657 librrrm
589 2596 715 2673 rettulit,
737 2616 816 2677 qnae
838 2597 874 2660 de
893 2595 948 2659 lioc
964 2597 1106 2660 amarius

93 2684 258 2749 cavillatus
279 2686 329 2746 est.
366 2679 428 2747 Sed
448 2686 553 2759 cetera,
575 2702 654 2763 quae
670 2684 792 2748 iniuria
808 2685 934 2762 notauit,
956 2686 1105 2767 siquidem

95 2774 140 2836 ad
164 2771 331 2848 somnium,
357 2772 394 2835 de
420 2792 478 2852 qno
504 2770 555 2835 liic
574 2772 713 2852 procedit
737 2792 849 2851 sermo,
876 2794 940 2837 non
967 2776 1105 2851 attinent,

94 2859 151 2924 loc
179 2859 241 2923 loco
268 2858 354 2923 nobis
380 2862 547 2925 omittenda
568 2865 656 2937 sunt;
685 2860 775 2924 illam
796 2862 987 2926 calumniam
1003 2882 1105 2943 perse-

50 2964 78 3005 so
96 2966 237 3029 quemur,
269 2966 346 3027 quae
375 2949 439 3011 nisi
469 2950 679 3029 supplodetur‚
710 2949 845 3013 manebit
872 2948 1011 3013 Ciceroni
1037 2969 1107 3011 acm

96 3036 230 3100 Platane
252 3035 429 3098 communis.
464 3035 523 3097 Ait
544 3055 565 3097 a
581 3036 762 3116 pliloscplo
782 3035 924 3113 fabulam
940 3055 1004 3098 non
1021 3054 1106 3114 opor-

12 3160 14 3183 2
97 3124 191 3189 tuisse
212 3122 352 3204 confinqi,
375 3121 521 3201 quoniam
544 3121 666 3184 nullum
687 3122 826 3202 [lpmenti
844 3140 941 3202 qmus
957 3122 1022 3183 acri
1032 3140 1106 3200 pro·

95 3210 261 3292 fesscnlms
287 3210 465 3274 conueniret.
506 3205 571 3272 Gur
597 3208 692 3284 enim,
721 3208 833 3287 inquit,
859 3209 889 3271 si
914 3226 1019 3270 rerum
1040 3226 1106 3270 cae-

100 3300 220 3365 lestium
245 3299 410 3377 notionem,
436 3296 465 3361 si
492 3295 631 3360 lubitum
653 3313 710 3358 nos
731 3295 911 3357 animarum
932 3295 1035 3358 docere
1055 3314 1105 3359 oc·

55 3404 83 3447 eo
100 3388 194 3465 misti,
216 3405 280 3453 non
301 3386 434 3465 simplici
456 3389 485 3449 ct
505 3382 645 3449 absoluto
666 3381 721 3445 liae
739 3381 947 3445 insinuatione
964 3388 1106 3447 oneratum

98 3480 154 3553 cst,
180 3474 234 3539 secl
260 3475 399 3555 quaesita
421 3493 555 3554 persona
580 3490 726 3553 casusque
748 3469 915 3550 cucoqitata
936 3473 1057 3537 nouitas
1079 3477 1107 3536 ct

99 3562 264 3644 composita
286 3561 423 3625 aduocati
444 3580 554 3627 scaena
574 3559 713 3644 fiqmenti
734 3558 835 3641 ipsam
856 3562 1022 3640 quaerendi
1041 3561 1107 3625 ueri

153 3672 263 3717 o1o.1v.
277 3674 296 3714 2.
857 3668 892 3717 24
