2675 4209
242 283 309 347 314
593 280 643 336 DE
661 280 711 335 RE
727 280 884 335 PUBLICA

241 425 380 493 Romam
398 424 537 491 Curibus
556 425 681 491 accivit.
717 424 780 501 Qui
797 429 835 490 ut
851 425 915 491 buc
932 425 1031 509 venit,
1050 447 1287 510 quamquam

241 515 381 600 populus
414 514 546 579 curiatis
578 535 652 578 eum
683 513 824 579 comitiis
856 534 967 599 regem
999 536 1070 577 esse
1097 513 1286 599 iusserat,

242 606 352 667 tamen
373 601 443 687 ipse
467 602 506 666 de
529 622 586 667 suo
609 601 747 686 imperio
770 601 928 667 curiatam
951 602 1058 687 legem
1079 600 1175 684 tulit,
1206 602 1284 666 ho·

241 689 762 842 ttttfidttttlltt
775 688 1061 862 dimdldditl
1075 688 1311 843 tlt&

507 828 516 861 2

243 866 411 931 suetudine
434 887 504 929 esse
526 866 732 930 revocandos.
1180 891 1196 905 ·=

309 953 358 1018 Ao
388 953 529 1038 primum
557 973 667 1038 agros,
700 974 780 1036 quos
807 952 895 1017 bello
922 951 1081 1019 Romulus
1109 959 1274 1038 ceperat,

241 1068 269 1121 p.
288 1043 336 1122 87]
362 1040 472 1105 divisit
497 1040 622 1106 viritim
648 1040 772 1105 civibus
792 1041 797 1125 Ι
818 1041 989 1125 docuitque
1016 1041 1085 1105 sine
1109 1041 1272 1126 depopu-

241 1129 364 1194 latione
392 1132 489 1213 atque
515 1129 636 1213 praeda
662 1150 758 1212 posse
785 1149 841 1192 eos
867 1128 1010 1193 colendis
1037 1127 1126 1213 agris
1152 1129 1270 1194 abun-

243 1217 318 1281 dare
346 1216 523 1281 commodis
546 1216 697 1280 omnibus
720 1238 926 1300 amoremque
949 1217 995 1279 eis
1019 1216 1079 1282 otii
1102 1219 1136 1280 et
1160 1218 1267 1300 pacis
1285 1236 1312 1275 ro

242 1304 365 1389 iniecit,
396 1304 512 1388 quibus
541 1303 697 1368 facillime
726 1304 853 1367 iustitia
880 1307 913 1367 et
939 1304 1019 1367 fides
1042 1304 1266 1389 convalescit,

243 1396 276 1457 et
308 1413 445 1477 quorum
477 1391 657 1476 patrocinio
690 1393 830 1456 maxime
861 1392 968 1456 cultus
997 1410 1166 1477 agrorum
1183 1415 1265 1477 per-

242 1482 412 1582 ceptioque
437 1480 569 1581 frugum
597 1479 787 1581 defenditur.
830 1478 984 1580 Idemque
1006 1478 1192 1564 Pompilius
1222 1485 1263 1545 et

242 1567 1259 1741 tf?¹2t⁸gut2¹t¹ltsdt¹tt2deplitttdttttt
1272 1672 1298 1714 a

241 1772 269 1823 p.
287 1746 336 1825 88]
363 1743 533 1828 pontifices
558 1739 709 1828 quinlque
738 1742 894 1827 praefecit
921 1746 954 1807 et
980 1744 1106 1808 animos
1132 1766 1256 1829 propo·

242 1831 315 1896 sitis
342 1831 470 1916 legibus
497 1830 563 1913 his,
587 1852 666 1914 quas
694 1830 729 1893 in
755 1831 972 1895 monumentis
1001 1832 1172 1916 habemus,
1201 1855 1254 1897 ar·

243 1919 347 1983 dentis
373 1918 603 1983 consuetudine
630 1921 663 1982 et
688 1917 865 2002 cupiditate
887 1919 1030 1983 bellandi
1052 1919 1251 2005 religionum
1314 1977 1315 1984 ,

244 2006 446 2073 caerimoniis
474 2006 639 2092 mitigavit
666 2005 875 2089 adiunxitque
900 2010 1070 2091 praetcrea
1092 2008 1249 2094 flamines,

243 2093 348 2159 Salios
371 2095 577 2180 virginesque
591 2092 741 2159 Vestales
765 2095 933 2178 omnisque
955 2095 1059 2179 partis
1079 2096 1246 2179 religionis
1260 2115 1289 2155 so

190 2195 224 2244 2⁵1
244 2183 360 2246 statuit
383 2182 593 2248 sanctissime.
629 2179 801 2246 Sacrorum
824 2186 933 2247 autem
950 2183 1095 2266 ipsorum
1114 2184 1246 2269 diligen-

243 2271 325 2335 tiam
343 2270 516 2354 difficilem,
535 2274 728 2355 apparatum
745 2270 934 2354 perfacilem
951 2292 1022 2335 esse
1034 2271 1151 2355 voluit3
1168 2295 1243 2337 nam

243 2387 270 2439 p.
293 2360 341 2441 oo]
375 2381 456 2443 quae
483 2358 693 2443 perdiscenda
720 2380 865 2442 quaeque
892 2357 1094 2423 observanda
1121 2357 1241 2446 eslsent,
1313 2381 1314 2386 ¹

243 2447 348 2512 multa
365 2447 543 2530 constituit,
566 2447 623 2511 sed
640 2468 680 2511 ea
698 2446 767 2510 sine
784 2446 928 2530 inpensa.
963 2444 1015 2511 Sic
1033 2447 1239 2532 religionibus

243 2535 385 2600 colendis
418 2556 550 2620 operam
578 2534 713 2618 addidit,
746 2537 890 2598 sumtum
916 2534 1068 2618 removit,
1098 2535 1278 2620 idemquess

244 2627 414 2707 mercatus,
435 2624 529 2688 ludos
552 2644 727 2705 omnesque
750 2622 962 2690 conveniundi
984 2644 1098 2687 causas
1116 2626 1148 2686 et
1164 2625 1237 2689 cele·

244 2710 381 2775 britates
408 2710 541 2775 invenit.
587 2709 710 2785 Quibus
737 2709 833 2773 rebus
856 2710 1016 2773 institutis
1039 2710 1081 2774 sd
1102 2711 1236 2777 humani·

243 2801 347 2862 tatem
373 2801 471 2880 atque
498 2798 779 2862 mansuetudinem
805 2797 970 2861 revocavit
997 2799 1122 2863 animos
1142 2799 1235 2864 bomi-

243 2907 321 2950 num
349 2885 464 2949 studiis
488 2885 631 2951 bellandi
653 2885 719 2949 iam
741 2884 892 2948 immanis
916 2906 953 2949 ac
974 2884 1070 2950 feros.
1115 2883 1162 2951 Sic
1181 2889 1232 2952 ille

244 3002 271 3054 p.
290 2976 338 3055 vo]
367 2995 439 3038 cum
470 2972 772 3057 undequadraginta
804 2993 905 3036 annos
938 2970 1072 3059 sumlma
1102 2974 1136 3037 in
1161 2992 1269 3059 pacem

244 3061 476 3145 concordiaque
498 3060 701 3147 regnavisset
724 3058 911 3144 (sequamur
934 3061 1019 3125 enim
1041 3061 1230 3145 potissimum
1311 3063 1312 3066 ’

243 3150 416 3235 Polybium
438 3152 596 3233 nostrum,
619 3170 682 3233 quo
700 3170 795 3213 nemo
813 3148 877 3212 fuit
895 3149 930 3212 in
947 3149 1146 3232 exquirendis
1161 3155 1229 3215 tem·
1293 3189 1312 3260 q

243 3240 377 3325 poribus
405 3236 619 3325 diligentior),
648 3238 786 3302 excessit
813 3259 831 3301 e
859 3237 929 3301 vita
955 3237 1079 3301 duabus
1105 3240 1228 3323 praecla-

245 3326 382 3392 rissimis
415 3326 454 3389 ad
488 3326 733 3390 diuturnitatem
762 3324 810 3388 rei
836 3324 985 3408 publicae
1011 3325 1108 3389 rebus
1132 3328 1227 3392 confir-
1310 3317 1311 3352 ³

245 3414 351 3497 matis,
374 3414 532 3499 religione
555 3417 652 3497 atque
676 3411 855 3477 clementia.
1236 3432 1260 3474 ss

191 3470 236 3597 ἐξ
312 3500 399 3576 Quae
422 3523 495 3566 cum
513 3498 620 3585 Scipio
639 3500 782 3584 dixisset,
804 3498 938 3584 Verene,
961 3500 1068 3584 inquit
1085 3500 1224 3588 Manilius,

244 3589 306 3655 hoc
333 3588 507 3653 memoriae
534 3588 699 3673 proditum
727 3591 790 3672 est,
819 3586 985 3671 Africane,
1014 3610 1124 3674 regem
1141 3590 1224 3656 istum

190 925 234 1052 e
