2675 4209
228 274 293 339 288
597 274 646 329 DE
664 274 713 329 RE
731 274 886 331 PUBLICA
923 268 929 277 '

228 419 263 483 in
284 419 350 483 ista
371 419 457 503 ipsa,
480 440 562 503 quae
585 419 675 502 mihi,
697 417 798 503 Laeli,
820 441 841 483 a
862 421 896 482 tc
917 419 1119 504 proponitur.
1159 417 1249 484 Ete-

227 508 296 571 nim
319 528 391 571 cum
413 507 448 571 in
471 529 529 571 suo
549 528 708 591 quemque
727 527 823 591 opere
841 506 1008 591 artificem,
1031 507 1247 591 quiquidem

109 626 112 633 ·
229 595 375 679 excellat,
397 594 480 658 nihil
503 594 592 659 aliud
610 595 764 680 cogitare,
786 594 945 678 meditari,
968 617 1080 659 curare
1098 595 1247 681 videam,

228 711 256 763 p.
276 684 341 764 ιιι]
368 682 433 757 nim
460 705 524 767 quo
552 682 653 757 sitin
674 682 734 747 illo
758 679 882 769 genelre
904 682 1033 767 melior,
1060 697 1135 768 ego,
1161 704 1246 748 cum

228 770 310 835 mihi
338 770 382 835 sit
407 793 508 835 unum
534 792 616 855 opus
643 771 706 836 hoo
733 793 754 835 a
782 770 972 855 parentrbus
994 770 1244 855 maioribusque
1263 792 1282 831 s

229 859 310 923 meis
332 857 495 942 relictum,
517 859 703 943 procuratio
726 861 824 942 atque
847 857 1086 924 administratio
1108 858 1157 923 rei
1178 882 1244 944 pu-

228 947 346 1031 blicae,
374 967 442 1011 non
470 968 521 1011 me
551 946 739 1010 inertiorem
768 967 839 1009 esse
865 946 1020 1011 confitear
1048 968 1146 1030 quam
1168 948 1243 1031 opi·
1324 987 1325 990 =

228 1036 322 1099 ficem
346 1056 549 1118 quemquam,
572 1034 601 1098 si
622 1034 732 1123 Q
753 1034 788 1097 in
807 1034 949 1099 maxima
967 1038 1047 1117 arte,
1091 1056 1167 1099 uam
1184 1035 1241 1099 illi
1316 1007 1326 1070 l

177 1138 210 1188 36
228 1123 263 1187 in
280 1121 432 1205 minimis,
450 1142 567 1207 operae
584 1121 861 1206 consumpserim?
893 1119 956 1186 Sed
973 1056 1240 1206 nequeqfficon-

228 1213 338 1275 tentus
367 1231 452 1293 sum,
480 1231 562 1293 quae
585 1210 623 1273 de
646 1210 713 1273 ista
734 1209 973 1275 consultatione
996 1210 1119 1295 scripta
1139 1210 1239 1274 nobis
1259 1232 1294 1270 ro

229 1297 347 1363 summi
373 1319 413 1362 ex
440 1296 576 1362 Graecia
603 1297 898 1381 sapientissimique
924 1297 1072 1362 homines
1099 1298 1240 1381 relique-
1325 1341 1326 1370 2

228 1414 256 1467 p.
276 1389 340 1467 aaa]
364 1388 450 1470 runt,
470 1406 574 1468 neque
594 1385 599 1470 Ι
619 1407 666 1469 ea,
690 1407 771 1469 quae
794 1385 875 1449 mihi
892 1385 1052 1470 videntur,
1074 1385 1240 1450 anteferre
1325 1391 1326 1418 ³

228 1475 295 1539 illis
324 1474 435 1538 audeo
475 1472 580 1549 Quam
608 1474 649 1538 ob
678 1495 747 1538 rem
773 1477 850 1558 peto
878 1495 899 1537 a
920 1473 1031 1557 vobis,
1054 1476 1092 1538 ut
1114 1496 1166 1538 me
1189 1474 1240 1539 sio

230 1562 379 1646 audiatis,
401 1583 504 1645 neque
526 1565 565 1625 ut
583 1561 714 1626 omnino
733 1561 899 1645 expeftem
912 1559 1109 1626 Graecarum
1126 1583 1239 1627 rerum
1325 1567 1326 1630 ᾗ

228 1672 332 1735 neque
359 1652 397 1713 ut
424 1671 478 1713 eas
505 1649 626 1713 nostris
649 1649 684 1712 in
705 1648 768 1713 hoc
790 1648 983 1733 praesertim
1006 1670 1123 1734 genere
1145 1653 1238 1714 ante·
1256 1668 1289 1709 ιι

229 1740 418 1823 ponentem,
450 1736 506 1800 sed
536 1740 574 1801 ut
605 1758 705 1799 unum
737 1759 755 1800 e
783 1736 906 1821 togatis
933 1738 1038 1822 patris
1066 1737 1269 1833 diligentia&

231 1847 298 1889 non
319 1823 535 1888 inliberaliter
557 1824 747 1887 inst1tutum
770 1823 940 1907 studioque
963 1822 1106 1889 discendi
1125 1848 1144 1889 a
1161 1847 1240 1909 pue·

230 1912 308 1976 ritia
339 1912 518 1993 incensum,
548 1933 610 1976 usu
638 1915 750 1975 tamen
778 1915 812 1975 et
841 1912 1026 1977 domesticis
1054 1914 1238 1998 praeceptis

231 2000 335 2066 multo
358 1998 649 2085 Qmuditm
673 2022 778 2083 qur-am,
792 2000 922 2065 litteris.
1237 1998 1266 2066 'l
1302 2006 1309 2014 '

178 2137 212 2186 3,
231 2117 258 2168 p.
277 2090 342 2169 223]
409 2085 472 2151 Hie
485 2087 612 2151 Philus:
634 2086 711 2152 Non
730 2087 735 2171 Ι
755 2088 894 2173 hercule,
912 2088 1027 2172 inquit,
1045 2085 1163 2173 Scipio,
1181 2089 1285 2167 diu-,ao

231 2175 412 2259 him—Q
434 2175 495 2239 tibi
517 2176 648 2261 ingenio
671 2176 874 2261 praestiterit
895 2198 1000 2259 nemo,
1022 2198 1084 2241 usu
1107 2177 1238 2260 quidem

144 2316 146 2321 .
230 2264 265 2328 in
287 2285 322 2327 re
344 2262 475 2347 publica
497 2286 605 2327 rerum
627 2264 843 2328 maximarum
864 2263 960 2328 facile
984 2265 1088 2329 omnis
1106 2265 1238 2349 viceris,

231 2352 347 2435 quibus
371 2355 479 2415 autem
502 2352 618 2416 studiis
641 2374 768 2437 semper
790 2351 904 2436 fiueris,
930 2355 1087 2417 tenemus.
1131 2352 1238 2427 Quam

231 2441 273 2505 ob
292 2462 369 2523 rem,
389 2439 425 2525 si,
447 2442 485 2504 ut
498 2440 587 2523 dicis,
606 2440 750 2505 animum
765 2461 892 2524 quoque
906 2440 1076 2504 contulisti
1088 2440 1123 2505 in
1136 2441 1237 2505 istam

230 2528 390 2592 rationem
422 2532 454 2592 et
487 2528 579 2612 quasi
611 2531 728 2612 artem,
759 2528 1236 2620 Qum
1253 2546 1281 2587 as

230 2615 355 2699 Laeli03
386 2637 481 2700 spero
509 2616 595 2680 enim
621 2617 727 2680 multo
754 2616 905 2680 uberiora
931 2616 1014 2700 fore,
1047 2638 1128 2700 quae
1156 2639 1176 2680 a
1202 2620 1236 2681 te

231 2704 386 2786 dicentur,
409 2725 506 2789 quam
528 2704 596 2787 illa,
619 2726 702 2787 quae
721 2725 741 2767 a
759 2702 891 2768 Graecis
909 2703 1094 2768 hominibus
1113 2704 1176 2769 scri
1200 2708 1237 2769 ta

230 2820 258 2871 p.
273 2794 337 2871 ιιι]
358 2790 577 2873 smomma.
597 2790 601 2875 Ι
622 2790 705 2856 Tum
723 2791 793 2854 ille:
815 2790 1031 2876 Permagnam
1050 2795 1087 2855 tu
1106 2729 1274 2876 qfflpeff

231 2878 495 2963 expectationem,
518 2879 604 2962 quod
627 2901 708 2944 onus
731 2881 782 2943 est
800 2878 838 2961 ei,
861 2878 917 2962 qui
935 2879 1062 2963 magnis
1081 2881 1235 2945 derebus

231 2967 374 3031 dicturus
397 2970 456 3050 est,
480 2967 717 3052 gravissimum,
740 2966 869 3050 inponis
893 2966 1033 3031 orationi
1055 2989 1154 3032 meae.
1189 2967 1235 3032 Et
1251 2986 1279 3027 ac

230 3053 358 3119 Philus:
381 3052 749 3147 Qvisffimnagna,
771 3056 882 3118 tamen
900 3055 1108 3144 (ιιι-ΨΜ,
1129 3059 1167 3119 ut
1186 3077 1235 3121 so·
1284 3084 1291 3093 ·

231 3144 293 3228 les3
343 3165 423 3207 cue
450 3143 535 3207 enim
562 3147 613 3207 est
638 3142 831 3234 BQ,
857 3164 899 3207 ne
925 3146 959 3207 te
987 3143 1026 3207 de
1047 3165 1083 3208 re
1105 3144 1236 3228 publica

232 3231 441 3297 disserentem
465 3231 591 3296 deficiat
614 3230 728 3295 oratio.

115 3314 116 3317 '
179 3307 222 3370 24
296 3318 360 3385 Hic
382 3316 502 3405 Scipio:
525 3318 665 3403 Faciam,
689 3319 775 3403 quod
796 3318 966 3405 vultis-ut
988 3322 1112 3405 mereo,
1134 3322 1168 3384 et
1189 3319 1235 3383 in·

178 3381 212 3433 ⁸⁸
231 3406 361 3492 grediar
382 3407 418 3470 in
440 3407 693 3491 disputationem
716 3428 754 3471 ea
776 3406 858 3490 lege,
881 3428 945 3489 qua
967 3406 1061 3470 credo
1085 3406 1234 3471 omnibus
1248 3424 1277 3465 as
1327 3394 1328 3414 ¹

230 3522 258 3573 p.
280 3496 342 3575 195]
365 3493 399 3556 in
422 3494 518 3559 rebus
542 3494 736 3559 disserendis
759 3493 915 3557 utendum
937 3514 1016 3577 esse,
1039 3494 1068 3557 si
1086 3492 1235 3580 errolrem

230 3580 312 3646 velis
335 3581 460 3667 tollere,
483 3585 520 3647 ut
543 3582 611 3647 eius
634 3582 690 3666 rei,
713 3581 752 3645 de
775 3602 840 3665 qua
858 3585 1038 3666 quaeretur,
1061 3582 1099 3662 si,
1117 3604 1234 3647 nomen
