2675 4209
236 290 302 355 284
597 286 645 343 DE
664 286 713 341 RE
730 285 887 342 PUBLIGA

236 435 264 499 si
302 437 399 517 terra,
421 433 562 518 primum
580 432 740 514 universe,
763 430 876 495 deinde
894 453 933 495 ea
950 452 1027 515 pars
1045 431 1123 515 eius,
1145 453 1247 515 quam

260 522 383 587 omines
411 522 569 604 incolant,
597 541 758 603 quamque
779 540 839 583 nos
861 519 896 583 in
919 520 1036 604 exigua
1058 520 1126 584 eius
1148 524 1247 603 parte

236 610 334 674 adfixi
360 610 510 694 plurimis
537 608 737 693 ignotissimi
764 607 916 692 gentibus
943 628 1109 691 speremus
1132 611 1247 671 tamen

235 726 263 778 p.
284 700 348 779 122]
370 700 521 761 nostrum
542 716 660 759 nomen
683 694 823 759 volitare
846 698 880 758 et
901 695 1016 779 vagari
1035 696 1040 780 ]
1060 695 1246 759 latissime?

183 800 217 849 27
236 787 345 872 Agros
372 806 450 850 vero
478 787 511 849 et
538 783 683 847 aedificia
710 786 744 846 et
769 782 906 867 pecudes
934 787 968 847 et
988 784 1171 847 inmensum
1194 806 1248 847 ar·
1284 805 1311 844 5

237 873 329 960 genti
349 872 476 957 pondus
499 875 597 955 atque
620 870 692 935 auri
715 870 771 953 qui
791 871 878 934 bona
899 893 958 935 nec
977 874 1094 955 putare
1111 892 1170 936 neo
1189 893 1247 955 ap·

236 962 360 1045 pellere
387 960 504 1042 soleat,
537 958 623 1043 quod
650 980 762 1023 earum
792 979 901 1021 rerum
929 959 1078 1023 videatur
1104 959 1135 1022 ei
1161 959 1248 1023 levis

235 1049 370 1131 fructus,
393 1048 528 1132 exiguus
546 1068 633 1129 usus,
655 1046 798 1111 incertus
816 1045 1010 1129 dominatus,
1028 1068 1124 1131 saepe
1143 1047 1248 1111 ctiam

237 1135 484 1201 deterrimorum
508 1134 677 1199 hominum
699 1134 847 1197 inmensa
868 1135 1044 1218 possessio,
1072 1157 1169 1218 quam
1193 1138 1247 1199 est

236 1224 290 1289 hic
315 1223 501 1289 fortunatus
528 1222 706 1307 putandus!
737 1221 789 1287 cui
817 1222 880 1286 soli
905 1243 980 1287 vere
1009 1222 1106 1287 liceat
1133 1222 1246 1287 omnia
1262 1243 1301 1281 ιο

235 1334 302 1377 non
329 1308 517 1393 Quiritium,
549 1310 605 1375 sed
636 1310 831 1395 sapientium
862 1309 932 1374 iure
959 1331 1018 1393 pro
1047 1310 1114 1373 suis
1141 1310 1247 1374 vindi·

210 1326 263 1480 ip.
284 1402 348 1481 139]
367 1386 463 1487 e‘ahe,
485 1419 545 1462 nec
566 1398 654 1463 civili
676 1420 768 1481 nexo,
780 1391 848 1487 (sed
869 1397 1032 1463 communi
1054 1397 1127 1482 lege
1150 1396 1314 1481 natu-4³1:

236 1488 315 1640 rae)
334 1464 1314 1638 QQQfflsseius*

237 1576 289 1661 qu'
323 1579 464 1641 tractare
492 1578 525 1639 et
552 1574 601 1639 uti
629 1574 725 1657 sciat,
756 1595 811 1657 qur
837 1595 963 1657 mpena
990 1595 1007 1638 c
1140 1595 1245 1657 usque

235 1668 366 1729 nostros
393 1664 428 1726 in
449 1662 653 1744 necessariiS,
682 1683 749 1725 non
770 1661 806 1724 in
828 1661 1014 1744 expetendis
1037 1661 1145 1744 rebus,
1173 1684 1245 1727 mu·
1261 1682 1294 1721 15

235 1752 322 1816 neris
344 1750 501 1836 fungendi
524 1749 631 1835 gratia
650 1748 842 1831 subeundos,
864 1770 931 1812 non
948 1750 1166 1833 praemiorum
1185 1754 1245 1814 aut

236 1839 361 1925 gloriae
384 1858 482 1902 causa
505 1836 702 1921 adpetendos
724 1839 831 1919 putet,
854 1836 910 1919 qui
932 1836 1077 1920 denique,
1099 1841 1137 1901 ut
1154 1836 1239 1901 Afri-

236 1949 351 1993 canum
378 1947 475 1990 avum
502 1946 609 1988 meum
638 1923 751 1988 scribit
774 1922 856 1988 Cato
879 1924 1013 1988 solitum
1036 1946 1106 1989 esse
1130 1925 1244 2009 dicere,

235 2044 262 2095 p.
276 2017 339 2096 140]
358 2013 463 2099 possit
481 2013 567 2076 idem
586 2012 624 2075 de
643 2033 678 2075 se
691 2012 885 2096 praedicare,
903 2035 1081 2097 numquam
1097 2010 1100 2098 ]
1117 2036 1151 2078 se
1165 2015 1242 2098 plus

236 2124 346 2189 agere,
374 2123 471 2184 quam
498 2100 581 2164 nihil
608 2122 683 2164 cum
709 2105 834 2185 ageret,
860 2123 1038 2185 numquam
1060 2102 1167 2166 minus
1191 2123 1244 2167 so·
1258 2120 1287 2159 ²⁰

184 2203 217 2252 28
236 2192 305 2255 lum
332 2210 415 2272 esse,
444 2210 541 2272 quam
569 2210 640 2253 cum
669 2189 757 2252 solus
781 2193 908 2279 esset&
915 2187 994 2264 Quis
1018 2189 1103 2253 enim
1125 2193 1243 2275 putare

235 2300 310 2344 vere
337 2280 447 2362 potest
473 2278 547 2361 plus
575 2276 681 2361 egisse
703 2276 896 2359 Dionysium
922 2280 1006 2361 tum,
1036 2298 1110 2342 cum
1132 2278 1243 2342 omnia

235 2366 397 2431 moliendo
421 2364 575 2450 eripuerit
598 2364 723 2429 civibus
746 2365 813 2429 suis
836 2365 1031 2448 libertatem,
1055 2387 1152 2449 quam
1172 2365 1242 2429 eius

235 2455 338 2521 civem
351 2453 587 2536 Archimedem,
610 2475 684 2518 cum
706 2452 805 2517 istam
827 2453 934 2537 ipsam
954 2453 1134 2537 sphaeram,
1156 2454 1241 2518 nihil

235 2566 308 2609 cum
323 2564 419 2627 agere
435 2541 606 2624 videretur,
623 2542 675 2621 [de
693 2563 756 2624 qua
771 2541 867 2605 modo
883 2541 1060 2618 dicebatur]
1077 2539 1242 2606 effecerit?
1257 2560 1286 2599 25
1314 2572 1315 2576 =

235 2660 262 2711 p.
279 2633 342 2712 141]
367 2630 439 2713 quis
462 2633 570 2693 autem
592 2651 659 2692 non
682 2626 796 2712 maigis
820 2629 908 2693 solos
932 2650 1010 2709 esse,
1034 2625 1089 2709 qui
1111 2626 1146 2689 in
1167 2625 1241 2693 foro

235 2719 403 2800 turbaque,
427 2716 556 2799 quicum
579 2715 731 2798 conloqui
752 2716 862 2799 libeat,
885 2737 952 2779 non
968 2713 1119 2796 habeant,
1143 2736 1241 2798 quam

236 2806 292 2889 qui
317 2804 408 2867 nullo
433 2804 556 2867 arbitro
579 2803 632 2866 vel
656 2824 765 2866 secum
787 2802 851 2886 ipsi
874 2803 1049 2885 loquantur
1071 2803 1123 2866 vel
1147 2804 1241 2886 quasi

235 2891 495 2956 doctissimorum
514 2890 682 2975 hominum
699 2890 735 2952 in
746 2890 888 2957 concilio
903 2890 1020 2973 adsint,
1038 2912 1110 2955 cum
1129 2913 1239 2954 eorum

234 2979 375 3044 inventis
405 2978 598 3062 scriptisque
626 2999 660 3041 se
688 2958 872 3042 obldctent?
908 2977 987 3054 Quis
1014 3000 1090 3043 vero
1114 2979 1281 3043 divitiora

234 3089 304 3132 rem
323 3088 517 3150 quemquam
534 3069 628 3150 putet
647 3087 745 3149 quam
764 3087 845 3149 eum,
868 3066 920 3150 qui
936 3066 1020 3130 nihil
1039 3066 1131 3150 desit,
1155 3068 1239 3150 quod

235 3156 364 3241 quidem
386 3158 504 3219 natura
522 3154 689 3237 desideret,
712 3157 769 3217 aut
786 3158 1003 3238 potentiorem
1022 3177 1119 3239 quam
1137 3155 1238 3238 illum,

233 3272 260 3323 p.
282 3247 345 3326 142]
366 3244 421 3328 qui
440 3243 557 3327 omnia,
581 3265 663 3327 quae
682 3239 830 3330 carpebat,
849 3246 1072 3327 consequatur,
1092 3246 1148 3307 aut
1166 3243 1238 3306 bea-

234 3331 366 3416 tiorem,
394 3353 491 3415 quam
515 3331 570 3416 qui
593 3332 637 3395 sit
660 3332 748 3396 omni
770 3330 1016 3416 perturbatione
1039 3330 1139 3394 animi
1162 3331 1238 3395 libe-

234 3422 338 3501 ratus„
371 3424 427 3483 aut
453 3420 595 3483 firmiore
623 3418 768 3501 fortuna,
797 3439 894 3500 quam
922 3417 977 3501 qui
1005 3439 1042 3481 ca
1064 3418 1236 3503 possideat,
1266 3438 1274 3449 ·

234 3528 316 3590 quae
340 3527 456 3589 secum,
478 3510 515 3570 ut
538 3506 638 3589 aiunt,
661 3507 714 3571 vel
737 3527 754 3569 e
776 3504 947 3589 naufragio
969 3506 1074 3589 possit
1097 3438 1316 3658 ecferqufffi

1306 3583 1315 3595 U

1264 3602 1316 3630 (ΔΜ

1244 3644 1316 3689 440.

235 3594 328 3670 Quod
351 3596 459 3657 autem
477 3594 657 3678 imperium,
681 3593 737 3676 qui
755 3592 976 3677 magistratus,
1000 3593 1085 3676 quod
1103 3615 1183 3679 regn

107 3730 1316 3847 use-Qwomww

31 3928 32 3948 χ
96 3838 286 3917 bwss»N
319 3842 481 3927 <La-2⁸4
516 3828 1314 3929 MQWZW.

31 4012 167 4071 ,Α
