2675 4209
270 290 335 357 358
630 289 680 343 DE
698 289 746 345 RE
764 289 921 345 PUBLIOA

337 436 439 519 Nepai
460 433 577 518 ctare,
605 435 635 499 si
656 436 826 518 duplicetur
846 436 906 500 sebi
926 440 1024 515 auus,
1046 435 1229 502 habituum
1251 459 1287 504 se

219 584 261 648 10
270 523 728 694 mbutduiludpuldmfb'milu
750 523 1145 693 bliebwidalcegiiidd:5gum
1172 618 1286 678 artem

218 662 252 710 ¹⁰
269 702 427 766 ludicram
446 715 657 781 scaenamque
675 702 781 763 totam
798 700 834 763 in
851 701 972 784 probro
991 701 1151 784 ducerent,
1175 723 1285 787 genus

268 790 303 853 id
325 789 492 853 hominum
514 810 581 852 non
602 786 699 851 modo
722 787 845 852 honore
867 788 986 852 civium
1008 789 1211 871 reliquorum
1230 810 1310 855 aar

269 898 353 959 rere,
384 878 441 940 sed
470 876 569 940 etiam
596 875 687 939 tribu
713 876 837 939 moveri
862 876 1032 941 notatione
1054 879 1202 942 censoria
1225 901 1285 944 vo·

269 966 399 1029 luerunt
421 964 598 1048 (Romani).
634 964 845 1046 (Aupustiuus
865 966 902 1029 da
922 965 978 1029 cio.
999 965 1050 1029 dei
1069 965 1116 1030 Π
1133 966 1203 1049 13.)
1321 1003 1325 1058 5

218 1068 250 1119 11
338 1054 421 1132 Quid
449 1058 551 1117 auteur
580 1052 653 1117 iiiuc
680 1054 831 1117 seusuiut
855 1052 994 1117 Romani
1018 1058 1140 1132 wieres,
1173 1054 1285 1120 (dicero
1323 1129 1324 1136 ἵ

168 1152 170 1158 “
270 1147 397 1207 testatru
418 1142 454 1204 iu
477 1141 573 1218 libris,
595 1161 670 1221 quos
692 1142 728 1204 cia
749 1140 924 1222 republica
945 1143 1074 1223 scripsit,
1096 1142 1151 1206 ubi
1172 1143 1284 1227 Scipio
1323 1139 1324 1196 ἶ

268 1233 431 1312 (imputans
457 1230 518 1293 ait:
549 1227 738 1312 Numquam
766 1229 963 1312 comoediae,
989 1228 1054 1293 nisi
1075 1233 1282 1296 consuetudo
1296 1250 1324 1314 ιοΤ

269 1319 355 1383 vitae
371 1320 547 1403 pateretur,
565 1318 705 1401 probare
719 1338 777 1381 sua
791 1316 928 1381 theatris
942 1317 1070 1403 flagitia
1082 1319 1283 1401 potuissent.
1323 1343 1324 1398 p

268 1407 315 1471 Et
343 1406 457 1471 Graeci
487 1406 608 1488 quidem
639 1406 829 1487 antiquiores
858 1406 985 1471 uitiosae
1015 1426 1091 1470 cuce
1121 1409 1282 1488 opiuiouis

250 1491 252 1496 ’
268 1497 426 1577 peccudum
443 1495 683 1581 conuenientium
700 1498 902 1574 sewcuuuut
920 1494 1006 1575 aprici
1021 1514 1096 1576 quos
1106 1495 1173 1574 fuit
1185 1499 1283 1561 etiam
1323 1511 1324 1522 ¹

269 1584 329 1665 tepe
351 1602 533 1660 amasam
560 1586 609 1665 ut,
636 1583 718 1663 qued
737 1582 835 1663 uellet,
857 1583 1021 1665 wmoedeb,
1043 1584 1080 1647 de
1098 1603 1158 1663 quc
1182 1586 1299 1663 reiut,-

267 1672 452 1735 ucmiuatiru
474 1671 591 1733 iuuet.
625 1669 749 1750 Itaque,
779 1670 859 1734 acui
878 1670 914 1733 iu
936 1671 1045 1735 uadem
1068 1671 1156 1736 libris
1180 1673 1280 1754 toqui·
1294 1683 1324 1729 15t

268 1763 320 1822 tur
341 1758 522 1837 Africuuua
546 1778 641 1839 quem
663 1758 723 1821 illa
744 1779 810 1822 non
833 1756 952 1843 adtigit
973 1758 1025 1822 vel
1047 1759 1157 1842 potius
1180 1782 1281 1843 quem

267 1866 334 1909 non
356 1844 508 1909 vexavit?
536 1844 587 1908 cui
609 1845 775 1929 pepercit?
811 1844 907 1930 Esto,
929 1846 1104 1931 populares
1125 1846 1280 1913 homines

268 1933 431 2017 inprobos,
454 1932 489 1996 in
506 1954 541 1997 re
558 1932 691 2017 publica
709 1932 889 2017 seditiosos,
912 1933 1074 2018 Cleonem,
1093 1932 1280 2020 Cleophon-

268 2024 349 2104 tem,
376 2020 600 2104 Hyperbolum
628 2021 731 2085 laesit.
771 2020 951 2106 Patiamur,
978 2024 1092 2105 iuquit,
1119 2024 1183 2087 etsi
1206 2026 1278 2089 eius

268 2109 356 2173 modi
379 2108 465 2172 cives
488 2131 508 2173 a
526 2130 657 2173 censore
679 2108 794 2173 melius
813 2112 864 2172 est
882 2132 979 2193 quam
998 2132 1018 2175 a
1035 2113 1133 2195 polita
1151 2115 1279 2196 notari3
1292 2131 1315 2169 2⁰

268 2197 324 2261 sed
346 2195 506 2280 Periclen,
536 2219 609 2261 cum
634 2196 702 2261 iam
724 2218 801 2261 suae
824 2197 950 2261 civitati
972 2198 1115 2263 maxima
1137 2203 1279 2265 auctori-

267 2289 337 2350 tate
359 2285 517 2369 plurimos
542 2307 643 2349 annos
667 2286 755 2350 domi
777 2288 809 2349 et
832 2286 912 2350 belli
929 2286 1133 2371 praefuisset,
1155 2289 1279 2353 violari

266 2374 423 2457 versibus,
447 2378 480 2437 et
503 2395 558 2437 eos
582 2375 636 2457 agi
658 2374 693 2436 in
716 2396 831 2437 scaena
853 2396 918 2438 non
943 2374 1018 2458 plus
1037 2374 1151 2458 decuit,
1175 2398 1277 2459 quam

268 2462 297 2527 si
314 2461 460 2545 Plautus,
482 2463 592 2543 iuquit,
614 2465 726 2525 noster
743 2460 901 2526 voluisset
919 2465 976 2526 aut
993 2462 1136 2527 Naevius
1153 2462 1276 2530 Publio

267 2554 301 2614 et
328 2548 439 2614 Gnaeo
468 2547 610 2633 Scipioni
637 2553 694 2613 aut
721 2548 880 2614 Caecilius
907 2550 1018 2616 Marco
1042 2549 1160 2615 Catoni
1187 2556 1307 2619 malea

216 2649 248 2697 12
268 2638 382 2701 dicere.
417 2636 539 2701 Deiucle
550 2637 648 2718 paulo
659 2642 747 2719 post:
769 2636 919 2722 Nostrae,
936 2640 1047 2723 iuquit,
1064 2642 1179 2704 contra
1197 2640 1276 2707 duo·

268 2724 371 2788 decim
402 2724 535 2787 tabulae
563 2746 636 2787 cum
662 2746 850 2809 perpaucas
867 2748 919 2791 res
947 2726 1053 2811 capite
1080 2728 1275 2814 sanxissent,

265 2812 301 2876 in
329 2811 381 2875 his
409 2811 493 2875 hano
521 2833 647 2895 quoque
675 2812 881 2878 sanciendam
907 2818 1117 2899 putaverunt,
1147 2816 1177 2880 si
1198 2821 1274 2900 quis

266 2899 502 2966 occentavisset
525 2900 592 2964 sive
614 2922 745 2965 carmen
767 2902 971 2988 condidisset,
994 2904 1080 2987 quod
1101 2903 1274 2971 infamiam

264 2988 386 3055 faceret
418 2988 620 3074 flagitiumve
652 2989 755 3053 alteri.
803 2988 989 3074 Praeclarc3
1024 2991 1151 3056 iudiciis
1184 2994 1307 3059 enimc

265 3079 531 3163 magistratuum,
563 3077 852 3161 disceptationibus
883 3078 1041 3163 legitimis
1067 3081 1273 3164 propositam

264 3167 381 3251 vitam,
413 3187 479 3231 non
505 3169 676 3250 poitarum
703 3166 856 3251 ingeniis,
884 3166 1004 3231 habere
1032 3168 1185 3233 debemus
1211 3192 1272 3236 nec

263 3256 420 3339 probrum
448 3254 557 3319 audire
583 3253 648 3317 nisi
671 3275 709 3318 ea
730 3254 815 3337 lege,
842 3257 880 3317 ut
901 3254 1094 3339 respondere
1116 3256 1215 3321 liceat
1239 3264 1272 3323 et

263 3342 381 3407 iudicio
405 3342 583 3407 defendere.
626 3342 715 3405 Haec
735 3362 772 3405 eu
795 3340 948 3407 Qucum
969 3348 1079 3423 quarto
1100 3345 1138 3408 de
1159 3366 1194 3409 re
1208 3368 1270 3428 pu·

264 3428 343 3493 blica
375 3431 451 3495 libro
483 3431 526 3493 uei
554 3430 677 3494 uerbum
709 3432 893 3510 mapeuda
918 3431 1087 3497 arbitratus
1111 3452 1182 3497 sum
1206 3447 1301 3499 rrour'0

262 3516 359 3581 uultis
375 3522 502 3599 propter
521 3518 693 3596 faciliorem
715 3518 897 3582 iuieilectruu
917 3520 964 3583 uei
979 3522 1209 3601 putruisse
1225 3523 1270 3587 uel
1323 3511 1324 3564 3

257 3604 425 3685 paulutum
452 3606 657 3669 commutatis.
671 3652 680 3668 .
694 3652 724 3669 ..
762 3604 851 3670 Dicit
870 3606 977 3672 deiude
998 3608 1065 3673 ulia
1086 3613 1116 3672 et
1135 3611 1181 3674 sic
1202 3630 1268 3677 ccu-
