2675 4209
349 269 417 325 ΠΒ.
436 270 457 326 1.
481 268 556 325 CAP.
575 276 671 324 s-11.
691 276 706 337 1
725 276 837 324 11-11.
1030 270 1095 333 279

12 480 15 487 ,
60 412 145 477 ¹eius
178 413 272 478 modi
304 434 418 477 euram
447 413 633 498 deposuerit
660 435 775 497 eaque,
805 435 886 496 quae
913 413 952 477 de
978 417 1096 479 natura

79 505 333 584 quaererentur,
362 504 418 565 aut
441 501 578 584 maiora,
607 523 704 583 quam
726 499 894 565 hominum
917 501 1001 564 ratio
1024 523 1096 565 con·

77 588 168 672 sequi
196 592 333 674 posset,
362 592 419 652 aut
445 588 528 651 nihil
556 586 696 673 omlnino
725 588 766 653 ad
793 588 896 652 vitam
922 587 1094 668 111-[131

76 676 203 740 minum
232 676 386 741 adtinere
409 676 534 739 dixerit.
574 676 659 740 Dein
682 675 824 741 Tubero:
851 674 983 759 Nescio,
1010 674 1095 739 Afri-
1115 690 1148 738 16

50 776 164 846 beane,
183 786 244 829 eur
262 764 317 827 ita
335 763 510 827 memoriae
528 763 694 847 proditum
712 764 766 845 sit,
783 761 949 828 Socratem
968 785 1095 829 omnem
1196 825 1200 829 ,

75 850 176 915 istam
211 852 474 936 disputationem
503 851 651 916 reiecisse
683 854 716 915 et
746 855 875 918 tantum
902 852 941 915 de
967 850 1036 915 vita
1063 855 1096 915 11

76 938 114 1002 de
137 940 295 1003 moribus
321 939 454 1003 solitum
476 960 546 1002 esse
566 961 728 1023 quaerere.
764 937 832 1019 Qua
885 938 970 1003 enim
989 943 1096 1004 aucto·

75 1048 145 1090 rem
170 1028 211 1091 de
235 1027 301 1091 illo
326 1026 573 1111 locupletiorem
590 1025 728 1091 Platone
751 962 884 1091 Ιώ
901 1027 1095 1111 possumus?

756 1097 873 1110 *Q

76 1114 168 1179 cuius
197 1115 236 1179 iu
264 1114 362 1189 lib‘s
390 1113 503 1191 multis
526 1114 606 1179 11111
628 1114 677 1178 111
699 1115 844 1198 loquitur
867 1109 1029 1198 Socrates,
1058 1118 1096 1179 ut
1125 1192 1129 1197 .

38 1216 63 1255 1⁰
77 1202 194 1285 etiam,
220 1225 300 1267 eum
324 1202 362 1266 de
386 1202 543 1285 moribus,
568 1202 605 1265 de
627 1202 817 1286 virtutibus,
840 1202 975 1286 denique
1000 1202 1038 1266 de
1060 1224 1096 1266 re

75 1290 213 1372 publica
233 1290 391 1375 disputet,
413 1287 573 1375 numelros
591 1293 702 1354 tamen
720 1294 753 1353 et
772 1290 984 1375 geometriam
1007 1292 1046 1370 [p.
1061 1305 1096 1354 34

77 1380 110 1440 et
142 1378 359 1442 harmoniam
387 1376 515 1441 studeat
542 1376 750 1462 Pythagorae
777 1400 866 1441 more
894 1378 1096 1462 coniungere.

76 1462 162 1529 Turn
183 1464 311 1550 Scipio:
335 1464 418 1529 Sunt
438 1465 513 1548 ista,
535 1469 572 1528 ut
595 1465 689 1547 dicis,
713 1465 768 1528 sed
791 1464 918 1527 audisse
940 1468 975 1527 te
993 1464 1096 1547 crede,

78 1550 223 1637 Tubero,
247 1553 422 1617 Platonem
445 1550 577 1617 Socrate
599 1556 729 1615 mortuo
752 1551 894 1636 primum
915 1551 951 1614 in
969 1551 1096 1637 Aegyp·

40 1652 65 1692 1⁵
78 1642 152 1705 tum
185 1640 335 1706 discendi
366 1662 477 1724 causa,
508 1644 585 1724 post
610 1639 644 1703 iu
671 1638 804 1703 Italiam
831 1642 864 1703 et
890 1639 925 1702 in
953 1637 1096 1704 Siciliam

79 1729 306 1811 contendisse,
333 1731 370 1793 ut
391 1727 599 1813 Pythagorae
621 1727 754 1793 inventa
776 1727 984 1811 perdisceret,
1011 1749 1096 1792 eum-

82 1837 145 1898 que
170 1821 205 1881 et
230 1840 306 1882 eum
329 1816 475 1899 Archyta
497 1815 672 1879 Tarentino
696 1820 729 1879 et
752 1837 824 1880 cum
842 1815 974 1880 Timaeo
993 1815 1095 1880 Locro

79 1903 226 1971 multum
243 1904 347 1969 fuisse
365 1907 398 1968 11
411 1902 558 1968 Philoleo
577 1904 826 1968 commentarios
846 1925 916 1967 1111
933 1906 1095 1986 nanctum,

81 2011 223 2076 cumque
258 2013 296 2057 11
327 1988 481 2077 tempolre
510 1991 611 2055 iniis
639 1991 720 2056 locis
747 1990 956 2075 Pythagorae
984 1992 1024 2070 [p.
1044 2008 1094 2056 113

41 2090 68 2130 ²⁰
81 2099 205 2144 nomen
227 2080 364 2165 vigeret,
386 2079 480 2143 illum
503 2100 537 2143 se
561 2082 594 2142 et
615 2078 802 2143 hominibus
824 2078 1039 2163 Pythagoreis
1063 2082 1096 2141 et

83 2167 203 2232 studiis
217 2167 289 2233 illis
304 2166 437 2232 dedisse.
466 2166 581 2251 Itaque
596 2189 669 2231 cum
684 2165 849 2231 Socratem
864 2166 955 2230 unice
970 2166 1096 2230 dilexis·

83 2258 134 2318 set
154 2256 251 2341 eique
270 2254 379 2319 omnia
392 2254 534 2319 tribuere
552 2255 720 2337 voluisset,
738 2254 883 2337 leporem
897 2251 1096 2317 Socraticum

85 2342 371 2427 subtilitatemque
395 2342 551 2406 sermonis
575 2364 648 2405 cum
671 2342 869 2405 obscuritate
889 2339 1096 2425 Pythagorae

85 2432 119 2493 et
142 2453 218 2496 cum
241 2430 301 2495 illa
323 2430 537 2513 plurimarum
560 2428 679 2492 artium
703 2428 864 2513 gravitate
887 2412 1147 2540 conteruitysll

46 2528 72 2568 ²⁵
152 2518 246 2583 Haec
260 2516 367 2601 Scipio
382 2539 455 2581 cum
469 2515 611 2597 dixisset,
628 2515 664 2578 L.
678 2514 810 2578 Furium
824 2518 956 2599 repente
971 2515 1096 2578 venien·
1116 2554 1148 2603 1⁷

14 2641 20 2654 ·
86 2606 155 2669 tem
170 2606 308 2691 aspexit,
326 2626 462 2689 eumque
475 2607 513 2668 ut
527 2603 691 2685 salutavit,
710 2602 903 2666 amicissime
914 2599 918 2689 Ι
931 2602 983 2666 ad·
998 2603 1096 2683 [1214

86 2693 263 2775 prehendit
289 2693 383 2756 etin
409 2692 493 2756 lecto
521 2713 580 2756 suo
603 2690 792 2755 conlocavit.
837 2690 976 2756 Etcum
999 2689 1097 2754 simul

86 2776 124 2844 P.
155 2780 301 2847 Rutilius
333 2780 490 2862 venisset,
523 2779 578 2864 qui
610 2783 660 2843 est
689 2779 783 2844 nobis
813 2778 908 2843 huius
939 2778 1096 2843 sermonis

90 2873 215 2953 auctor,
240 2890 312 2932 eum
336 2889 462 2951 quoque
485 2870 522 2931 ut
546 2867 710 2950 salutavit,
733 2871 867 2951 propter
893 2866 1097 2930 Tuberonem

51 2965 76 3006 ³⁰
89 2954 188 3022 iussit
217 2956 370 3020 adsidere.
415 2955 498 3019 Tum
520 2954 651 3019 Furius:
679 2954 762 3030 Quid
789 2976 847 3019 vos
871 2954 991 3039 agitis?
1018 2975 1097 3017 num

90 3064 275 3109 sermonem
292 3046 437 3108 vestrum
452 3043 592 3126 aliquem
607 3043 736 3106 diremit
748 3045 860 3107 noster
873 3041 1095 3105 interventus?

89 3128 226 3196 Minime
248 3152 339 3214 vero,
362 3130 547 3213 Africanus3
575 3129 660 3193 soles
684 3130 770 3193 enim
792 3131 829 3193 tu
851 3129 931 3192 haec
954 3126 1096 3191 studiose

91 3216 303 3304 investigare,
332 3239 413 3301 quae
441 3220 516 3280 sunt
542 3216 578 3279 in
603 3217 665 3279 hoc
693 3237 822 3300 genere,
850 3215 888 3279 de
915 3235 978 3297 quo
1005 3214 1097 3277 insti-

91 3308 202 3371 tuerat
228 3307 326 3389 paulo
354 3308 429 3369 ante
456 3303 583 3367 Tubero
611 3300 786 3388 quaelrere3
818 3301 960 3365 Rutilius
985 3302 1025 3381 [p.
1045 3318 1096 3367 209

55 3402 81 3445 ⁸⁵
94 3394 225 3476 quidem
249 3396 362 3457 noster
388 3392 487 3457 etiam
514 3392 574 3455 sub
600 3390 682 3475 ipsis
704 3388 901 3453 Numantiae
928 3389 1096 3454 moenibus

95 3482 223 3545 solebat
245 3503 370 3545 mecum
388 3480 551 3544 interdum
569 3478 636 3543 eius
655 3478 743 3543 modi
761 3477 883 3560 aliquid
901 3478 1096 3561 conquirere.

96 3565 183 3643 Quae
205 3590 257 3632 res
280 3568 411 3634 taudem
433 3568 609 3633 inciderat?
632 3566 738 3651 inquit
759 3564 885 3630 Philus.
921 3564 1004 3631 Tum
1025 3566 1096 3630 ille:
