2675 4209
357 275 432 331 trs.
450 276 471 331 1.
491 276 567 333 oar.
586 284 701 333 aa-ao.
720 283 736 344 s
754 284 867 333 (επ-το.
1054 279 1119 346 303

93 436 216 516 norum,
246 420 444 505 eademque
472 421 575 485 oritur
598 421 698 485 etiam
720 443 760 486 ex
781 422 841 487 illo
864 444 960 507 caepe
983 421 1121 508 optima·

92 506 165 570 turm
179 507 368 593 praeclaro
387 512 485 593 statu,
507 531 580 574 cum
598 509 687 592 ipsos
705 510 867 594 principes
886 512 997 594 aliqua
1014 512 1121 595 pravi·

91 594 135 655 tas
158 594 198 659 de
223 597 286 661 via
315 596 461 661 deflexit.
502 594 555 662 Sic
576 601 745 681 tamquam
765 598 868 684 pilam
885 599 1017 683 rapiunt
1034 599 1126 663 inter

88 700 118 743 se
139 683 189 746 rei
214 685 388 768 publicae
412 688 536 750 statum
558 686 690 769 tyranni
712 687 754 751 ab
777 686 919 772 regibus,
941 686 1047 785 αῌε
1066 708 1120 751 an·

64 770 149 833 stem
171 774 363 857 principes
387 778 444 837 aut
466 773 592 858 populi,
619 795 640 838 a
662 774 779 858 quibus
802 778 860 839 aut
881 774 1039 839 factiones
1063 778 1120 838 aut

86 858 235 944 tyranni,
266 884 341 926 nec
364 861 485 926 diutius
508 884 662 946 umquam
685 865 815 926 tenetur
837 862 923 927 idem
945 862 993 927 rei
1014 862 1120 948 publi·

15 983 29 1137 i
84 964 137 1009 eae
149 949 337 1109 diffinita
355 1060 429 1103 cum
450 1037 502 1121 sit,
520 1058 557 1102 aa
574 1036 680 1101 tribus
698 1037 813 1122 primis
833 1039 1005 1123 generibus
1022 1006 1173 1133 longe‘ssss

15 1140 17 1195 ι
82 1128 242 1219 praestat
275 1148 359 1190 mea
381 1125 543 1190 sententia
565 1126 705 1210 regium,
730 1124 735 1207 Ι
759 1126 849 1211 regio
873 1131 983 1192 autem
1007 1129 1048 1207 [p.
1068 1144 1120 1191 134

51 1210 148 1291 1⁰1psi
172 1214 381 1296 praestabit
402 1212 444 1296 id,
468 1213 554 1297 quod
576 1214 640 1277 erit
658 1217 832 1298 aequatum
852 1218 1119 1300 attemperatum

85 1301 261 1365 extribus
280 1301 419 1385 optimis
433 1323 541 1367 rerum
554 1302 758 1385 publicarum
773 1302 886 1366 modis.
909 1302 1021 1367 Placet
1034 1303 1119 1365 enim

85 1404 157 1451 esse
185 1390 359 1472 quiddam
381 1390 416 1453 in
438 1412 473 1453 re
495 1390 626 1474 publica
648 1393 820 1473 praestans
843 1393 876 1454 ct
898 1389 1022 1474 regale,
1050 1410 1120 1453 esso

15 1478 17 1543 ζ
86 1473 180 1539 aliud
221 1477 423 1543 auctoritati
454 1477 637 1562 principum
664 1477 857 1561 inpartitum
886 1498 924 1541 ac
950 1477 1120 1560 tributum,

89 1580 163 1626 esse
196 1566 369 1649 quasdam
396 1587 447 1629 res
475 1569 622 1630 servatas
650 1564 768 1629 iudicio
791 1564 1017 1647 voluntatique
1040 1565 1120 1627 mul-

50 1664 73 1703 15
86 1648 269 1718 titudinis.
315 1652 405 1718 Haec
432 1652 622 1718 constitutio
649 1652 791 1736 primum
818 1653 918 1716 habet
944 1652 1120 1735 aequabili-

16 1768 17 1779 *
88 1738 204 1805 tatem
233 1742 401 1826 quandam
424 1760 587 1826 magnam,
609 1761 674 1824 qua
697 1762 805 1805 carere
829 1740 949 1804 diutius
972 1741 1026 1806 vix
1048 1762 1120 1825 pos-

90 1832 173 1891 sunt
204 1828 333 1915 libdri,
361 1829 474 1893 deinde
496 1828 741 1912 firmitudinem,
764 1828 850 1912 quod
873 1832 906 1892 et
928 1829 986 1892 illa
1009 1830 1048 1908 [p.
1070 1845 1119 1894 163

92 1914 211 1995 prima
232 1917 332 1982 facile
350 1918 384 1981 in
402 1917 565 1982 contraria
582 1917 663 1981 vitia
684 1919 924 1999 convertuntur,
946 1920 984 1979 ut
1002 1917 1121 1980 existat

15 2004 21 2065 t
95 2022 137 2065 ex
151 2026 241 2091 rege
258 2006 414 2089 dominus,
430 2026 467 2069 ex
483 2006 696 2089 optimatibus
710 2004 820 2087 factio,
835 2026 873 2067 ex
887 2004 1009 2088 populo
1023 2004 1121 2068 turba

18 2128 23 2160 ι
58 2100 84 2141 tt
97 2093 132 2153 ot
157 2094 324 2176 confusio,
348 2093 496 2177 quodque
514 2094 586 2178 ipsa
605 2113 725 2178 genera
743 2092 915 2177 generibus
934 2113 1030 2176 saepe
1048 2113 1121 2157 con-

98 2183 282 2245 mutantur
308 2182 415 2265 novis,
442 2181 504 2246 hoo
526 2182 560 2244 in
582 2182 644 2245 hac
666 2180 778 2244 iuncta
800 2180 1028 2263 moderateque
1051 2202 1121 2265 per·

98 2266 215 2334 mixta
239 2268 495 2334 conformatione
517 2269 565 2332 rei
587 2267 737 2353 publicae
759 2290 826 2333 non
847 2268 949 2332 ferme
968 2268 1037 2332 sine
1056 2290 1121 2331 ma·

102 2356 182 2439 gnis
220 2356 402 2441 principum
432 2355 523 2421 vitiis
555 2356 671 2420 evenit.
720 2354 797 2420 Non
828 2359 878 2419 est
909 2354 995 2418 enim
1024 2376 1121 2419 causa

102 2445 347 2527 conversionis,
367 2444 431 2509 ubi
457 2444 491 2507 in
519 2465 577 2509 suo
602 2443 607 2525 Ι
632 2444 768 2527 quisque
798 2446 849 2507 cst
878 2441 980 2527 gradu
1008 2442 1049 2521 [p.
1069 2458 1121 2506 164

66 2542 92 2583 ²⁵
105 2530 252 2598 firmiter
278 2533 456 2597 collocatus
487 2535 520 2595 et
541 2553 608 2595 non
631 2532 757 2615 subest,
784 2552 848 2613 quo
870 2528 1061 2614 praecipitet
1084 2552 1122 2594 ac

106 2618 249 2687 decidat.

179 2708 244 2773 Sed
270 2729 396 2791 vereor,
424 2706 517 2771 Laeli
542 2728 664 2791 vosque
691 2706 840 2771 homines
868 2704 1056 2771 amicissimi
1083 2669 1174 2796 ac47i3)

107 2784 494 2896 prudentissffingpsj⁸
500 2794 620 2860 diutius
638 2794 673 2858 in
685 2794 749 2859 hoc
763 2815 880 2880 genere
894 2816 1012 2878 volsco
1027 2794 1121 2879 quasi
1137 2868 1147 2881 ,

108 2884 344 2969 praecipientis
375 2883 540 2948 cmusdam
568 2886 601 2947 et
629 2882 774 2946 docentis
802 2886 835 2945 et
860 2904 927 2947 non
954 2883 1122 2948 vobiscum

70 2984 96 3025 ³⁰
111 2973 213 3038 simul
236 2972 468 3037 considerantis
491 2992 561 3035 esse
588 2970 737 3035 videatur
764 2970 869 3034 oratio
891 2992 972 3035 mea.
1018 2969 1122 3045 Quam

112 3062 158 3126 ob
190 3082 259 3124 rem
288 3059 452 3144 ingrediar
483 3059 518 3122 in
550 3080 600 3142 ea,
633 3080 715 3143 quac
746 3061 826 3122 nota
857 3061 933 3121 sunt
963 3057 1121 3139 omnibus,

20 3188 30 3205 r
114 3148 265 3233 quaesita
292 3151 401 3212 autem
428 3146 569 3211 anobis
595 3146 662 3210 iam
685 3146 748 3210 diu.
794 3142 846 3209 Sic
868 3145 953 3209 enim
977 3144 1122 3226 decerno,

116 3237 164 3301 sic
184 3234 188 3317 Ι
209 3236 322 3319 sentio,
346 3234 393 3300 sic
415 3234 560 3317 adfirmo,
581 3233 708 3297 nullam
726 3232 868 3297 omnium
887 3253 993 3295 rerum
1014 3232 1053 3309 [p.
1070 3246 1120 3295 177

116 3324 319 3410 publicarum
343 3326 399 3387 aut
422 3321 651 3387 constitutione
674 3324 732 3385 aut
754 3319 962 3404 discriptione
984 3321 1041 3381 aut
1060 3318 1122 3383 dis·

79 3426 103 3469 ³⁵
119 3412 238 3497 ciptina
259 3410 485 3477 conferendam
508 3431 578 3474 esse
602 3431 675 3474 oum
698 3430 745 3492 ea,
768 3430 865 3491 quam
887 3409 998 3490 patres
1016 3411 1092 3471 nost
1113 3407 1119 3421 '

118 3499 211 3565 nobis
247 3502 414 3583 acceptam
448 3498 513 3561 iam
544 3496 619 3562 inde
651 3519 672 3561 a
702 3495 880 3560 maioribus
911 3494 1121 3578 reliquerunt.

121 3586 234 3668 Quam,
266 3587 295 3650 si
325 3587 445 3671 placet,
478 3586 631 3669 quoniam
662 3606 714 3669 ea,
746 3605 828 3668 quae
858 3583 1019 3648 tenebatis
1049 3583 1122 3668 ipsi,
