2675 4209
363 270 430 327 ule.
449 270 497 326 lv.
517 269 593 327 cAP.
613 276 689 325 1-5.
709 274 820 336 51-5.
1034 269 1101 334 355

155 415 206 481 M.
227 415 349 480 Tattius
369 414 406 479 de
426 434 461 478 re
476 414 562 497 pabt.
586 412 635 479 tib.
654 412 724 477 IV:
746 433 813 477 uou
835 412 932 477 modo
950 415 988 477 ut
1005 409 1100 496 Sper-

91 505 152 587 tee,
171 524 287 588 rapere
306 501 363 567 ubi
380 502 474 589 pueri
492 507 525 566 et
543 501 668 586 clepere
687 501 823 565 discunt.
846 500 944 584 (Non.
947 522 981 581 p.
991 505 1044 566 20.
1054 500 1100 585 4.)

11 586 40 675 '³24'
154 590 208 656 De
226 589 419 656 Cretensibus
441 591 619 673 accepimns
641 591 723 671 qaod
743 590 778 653 in
800 609 919 653 amores
930 609 1101 670 puerorum

11 674 30 759 g'J
89 680 325 761 intemperantes
344 679 476 759 fuerint,
503 679 584 759 qaod
597 682 706 759 postea
727 678 763 741 in
784 677 927 741 meones
948 677 1034 741 etin
1056 680 1099 740 ta·

66 772 154 831 snm
175 766 341 832 Graeciam
363 766 550 831 translatam
571 770 623 844 est,
645 766 720 830 adeo
741 769 779 829 nt
798 770 829 829 et
845 763 948 831 Oieero
964 764 1049 829 dieat
1064 764 1101 829 in

89 855 179 920 tibris
200 856 237 919 de
258 875 292 918 ne
308 855 435 936 pnbtiea
458 853 632 939 opprobrio
653 852 756 917 fuisse
775 852 1049 935 adulescentibus,
1071 850 1100 915 si

13 941 44 1016 Ἰ
89 946 254 1007 amatores
272 963 339 1007 non
356 942 523 1006 heberent.
550 940 693 1023 (Seruius
709 944 753 1006 ad
770 942 856 1024 Verp.
869 942 948 1006 Aen.
965 940 1001 1006 X
1011 941 1100 1024 325.)

164 1030 362 1095 ...nudari
378 1030 542 1115 puberem.
578 1029 631 1094 Itu
649 1034 726 1094 sunt
744 1030 810 1094 ulte
828 1030 969 1115 repetite
991 1032 1031 1110 [p.
1049 1045 1098 1093 113
1117 1005 1140 1130 ,4

14 1121 41 1197 ,l
89 1119 186 1200 quusi
207 1117 421 1183 fundamenta
456 1117 613 1201 quaedem
648 1118 867 1183 verecundiae.
916 1117 1099 1182 Iuventutis

52 1222 167 1272 1⁰vcro
201 1206 388 1271 exercitatio
419 1228 516 1289 quem
547 1206 688 1270 absurda
713 1206 749 1269 in
776 1205 969 1292 gymnasiis!
1002 1226 1101 1290 quem

12 1293 38 1357 ‘j‘
86 1294 172 1359 levis
197 1294 396 1379 epheborum
418 1294 476 1357 illa
498 1293 632 1358 militie!
655 1315 754 1378 quam
776 1293 1049 1358 contrectationes
1068 1295 1101 1356 et

86 1404 217 1447 amores
246 1382 346 1446 soluti
373 1385 406 1446 et
433 1382 540 1446 liberi!
570 1382 667 1447 mitto
691 1381 777 1466 apud
798 1380 897 1445 Eleos
920 1383 954 1443 et
976 1379 1101 1443 Thebe·

11 1484 21 1553 ‘j
85 1492 163 1555 nos,
202 1470 288 1553 epud
319 1491 401 1553 quos
430 1470 466 1533 in
492 1491 601 1534 amore
628 1470 843 1553 ingenuorum
869 1466 973 1530 libido
1001 1467 1101 1531 etiem

11 1554 35 1628 ’ἰ
86 1558 284 1642 permissam
307 1558 407 1623 hebet
430 1561 463 1622 et
486 1558 628 1621 solutum
651 1555 832 1637 licentiam3
853 1553 1101 1619 Lacedaemonii

18 1658 25 1666 ‘
51 1661 74 1702 1⁵
86 1646 164 1730 ipsi,
189 1668 261 1710 cum
281 1645 285 1728 Ι
306 1646 415 1711 omniu
438 1644 616 1710 concedunt
636 1644 672 1707 in
690 1663 800 1707 amore
818 1642 970 1706 iuvenum
991 1644 1032 1723 [p.
1050 1657 1101 1706 114

87 1738 222 1817 praeter
242 1737 400 1817 stuprum,
417 1734 508 1798 tenui
527 1754 603 1797 sene
622 1753 715 1796 muro
734 1731 936 1816 dissaepiunt
953 1730 996 1814 id,
1015 1730 1101 1814 quod

88 1822 270 1906 excipiunt3
302 1822 475 1906 conplexus
507 1822 592 1885 euim
624 1820 878 1904 concubitusque
906 1819 1102 1905 permittunt

88 1910 203 1993 palliis
236 1909 425 1975 interiectis.
466 1907 528 1974 Hic
557 1908 701 1973 Laelius:
731 1907 902 1973 Praeclare
934 1909 1101 1992 intellego,

10 2000 23 2075 [j
90 1996 215 2083 Scipio,
242 2002 275 2062 te
302 1997 337 2062 in
359 1998 400 2062 iis
424 1995 577 2062 Graeciae
600 1996 794 2081 disciplinis,
821 2018 902 2080 ques
925 1997 1101 2080 reprendis,

10 2100 19 2126 ’-’
51 2101 76 2141 2⁰
89 2108 166 2150 eum
185 2086 314 2171 populis
333 2085 544 2150 nobilissimis
562 2086 661 2149 malle
681 2107 779 2169 quem
797 2106 870 2149 cum
890 2088 947 2149 tuo
962 2084 1100 2148 Platone

10 2187 19 2197 ''
89 2174 218 2258 luctari,
242 2196 337 2257 quem
354 2195 395 2237 nc
414 2172 551 2259 attingis
570 2174 709 2258 quidem,
726 2172 919 2258 praesertim
938 2194 1025 2237 cum.
1040 2222 1047 2238 .
1062 2222 1092 2236 ..

17 2273 19 2276 ’
159 2262 255 2327 Plato
267 2312 273 2325 .
284 2312 291 2325 .
301 2262 376 2343 aneia
388 2263 477 2327 deam
490 2264 650 2344 ipnorevit,
664 2264 701 2325 in
713 2263 820 2325 mettis
832 2264 879 2330 tm
889 2262 992 2341 tapsns
1001 2265 1052 2336 est,
1064 2263 1100 2324 nt
1118 2231 1140 2357 ἓ

88 2371 179 2416 nemo
202 2350 332 2415 deterius
349 2352 504 2429 ereverit,
526 2352 561 2414 in
573 2351 689 2431 primis
705 2350 786 2429 qnod
802 2351 837 2413 in
856 2349 942 2412 tibris
959 2347 1100 2411 eioitibns

10 2510 11 2515 γ
89 2439 200 2503 omnia
212 2438 352 2502 omnebus
365 2438 463 2503 vetnit
473 2458 534 2503 esse
547 2438 730 2502 eommunia
758 2436 809 2500 De
814 2435 1018 2517 patrimoniis
1031 2434 1100 2498 tote

51 2541 75 2581 ²⁶
88 2527 191 2592 rabili
208 2530 259 2602 est,
278 2526 345 2590 ticet
363 2527 405 2590 sit
421 2527 587 2602 intestam·
609 2545 663 2589 nee
680 2525 762 2588 enim
779 2527 836 2587 ant
847 2523 945 2587 obesse
957 2522 1101 2603 me'pnam

88 2615 184 2692 debet,
197 2615 226 2679 si
237 2634 297 2678 sna
310 2615 466 2679 industria
472 2614 547 2696 pins
559 2613 654 2694 babet,
671 2617 728 2676 ant
733 2612 884 2695 prodesse,
897 2610 927 2675 si
940 2630 999 2675 sno
1011 2610 1102 2692 rabia

88 2704 214 2778 minem
230 2703 290 2780 sed,
303 2707 340 2765 at
350 2702 427 2779 dini,
435 2701 651 2783 potestatium
663 2702 752 2764 modo
764 2701 850 2779 feni.
872 2699 1021 2765 Etiamne
1033 2719 1101 2765 eon-

10 2848 12 2877 ,
88 2795 186 2873 iaces,
204 2791 333 2854 etiamne
351 2790 439 2854 leben
455 2809 626 2855 commones
639 2788 752 2853 erent?
780 2788 854 2853 Non
866 2790 927 2853 erit
938 2789 1102 2871 senpninis

10 2888 11 2893 ’
88 2879 161 2945 alte
173 2879 327 2942 distinctio
339 2898 393 2941 nee
402 2898 498 2961 penne
511 2882 624 2942 mam
637 2897 691 2941 nee
697 2877 840 2955 familiae
848 2898 901 2942 nee
909 2879 1101 2959 mentones

50 2982 76 3024 ³⁰
88 2986 147 3033 nee
167 2967 352 3047 adfinitates,
374 2967 427 3031 sed
447 2967 526 3031 secat
546 2967 580 3030 in
599 2966 741 3048 prepebns
757 2966 908 3046 pecudium
926 2965 1055 3044 confusa
1072 2968 1102 3028 et

89 3055 260 3120 indiscreta
287 3054 404 3136 omnia,
431 3054 520 3117 nnita
547 3054 606 3115 em't
626 3055 661 3116 in
684 3054 760 3117 eires
782 3053 983 3128 continentia,
1010 3051 1101 3115 nette

10 3146 12 3167 ²
90 3144 130 3207 in
153 3142 279 3221 feminis
299 3142 462 3223 pensitatio.
508 3139 584 3218 Qais
611 3159 673 3203 esse
698 3140 734 3202 in
759 3140 896 3219 nbispne
922 3157 1012 3201 amor
1032 3158 1100 3201 eon·

91 3231 208 3312 inpetis
223 3234 330 3311 potest,
352 3230 388 3292 in
409 3227 518 3309 quibus
539 3246 602 3289 non
623 3230 668 3290 est
691 3229 788 3289 certas
810 3230 868 3289 ant
877 3225 1028 3306 proprias
1044 3226 1100 3289 ae-

91 3317 212 3399 feetns?
238 3318 308 3398 pais
329 3318 388 3381 erit
407 3317 443 3380 in
460 3318 582 3396 patrem
598 3314 674 3395 pias
696 3314 856 3394 menone,
878 3313 960 3376 nnete
981 3312 1023 3377 sit
1044 3333 1100 3377 na·

53 3423 79 3464 es
94 3406 167 3470 tas?
199 3407 268 3487 anis
294 3405 396 3486 filiam
422 3404 537 3485 dite'pet,
564 3422 651 3484 anem
672 3400 798 3482 patebit
818 3398 981 3463 atiemm?
1019 3400 1102 3480 Qnin

94 3495 188 3558 etiam
208 3493 335 3573 feminis
357 3493 476 3557 anniam
497 3490 655 3567 reserauit,
684 3488 831 3553 mititiam
852 3492 882 3552 et
902 3490 1103 3570 mepistratns

94 3587 123 3647 et
144 3582 276 3662 imperia
293 3580 445 3661 permisit.
487 3578 612 3659 Quanta
633 3577 693 3643 erit
713 3576 879 3657 infelicitas
900 3578 986 3644 erbis
1007 3579 1103 3658 ittins,

832 3679 889 3735 23*
