2675 4209
83 304 90 315 ι
216 238 283 303 286
573 238 622 293 DE
641 238 690 292 RE
707 237 864 292 PUBLIOA

217 381 354 447 Zethum
380 383 473 448 illum
495 381 628 448 Pacuvii
653 382 752 447 nimis
774 382 940 447 inimicum
963 382 1128 449 doetrinae
1151 406 1224 449 esse

217 470 357 555 dicebat3
379 472 485 556 magis
505 493 578 535 eum
597 471 779 536 delectabat
792 470 1027 556 Neoptolemus
1040 470 1148 555 Ennii,
1166 474 1225 555 qui
1311 531 1313 540 .

215 586 243 637 p.
264 560 328 639 181]
356 580 391 624 se
419 560 465 623 ait
494 558 785 644 ‘philosophari
809 558 814 643 Ι
838 559 954 643 velle,
983 559 1049 623 sed
1074 560 1225 643 paucis3

215 668 301 711 uam
328 646 480 711 omnino
505 646 605 710 haud
626 645 808 731 plaeere'.
849 645 971 722 Quodsi
993 647 1102 711 studia
1124 646 1225 711 Grae-

216 756 327 799 corum
353 755 412 798 vos
439 736 532 798 tanto
560 756 656 819 opere
680 734 854 817 delectant,
881 738 957 798 sunt
980 734 1046 799 alia
1067 735 1225 799 liberiora
1253 754 1270 794 s

216 827 250 887 et
271 821 438 886 transfusa
460 821 568 903 latius,
591 843 674 905 quae
695 822 749 887 rel
772 822 813 886 ad
833 842 927 885 usum
945 822 1032 887 vitae
1050 823 1103 887 vel
1122 823 1225 887 etiam

216 909 258 974 ad
274 909 382 993 ipsam
398 931 468 973 rem
486 908 650 994 publicam
669 909 815 974 conferre
831 930 1013 993 possumus.
1044 908 1134 974 Istae
1153 911 1224 994 qui-

216 997 290 1061 dem
312 1000 413 1079 artes,
437 996 583 1062 simodo
607 997 731 1080 aliquid
752 998 875 1082 valent,
896 999 933 1062 id
952 999 1063 1075 cobet,
1085 1001 1123 1062 ut
1144 1022 1224 1082 pau-

111 1116 117 1131 ·
215 1084 284 1149 lum
316 1087 434 1185 acuant
463 1087 496 1148 et
522 1087 691 1185 tamquam
717 1085 854 1149 inritent
879 1085 1012 1169 ingenia
1038 1107 1224 1171 puerorum,

163 1231 205 1356 ff
215 1172 967 1344 illailm]udsurliosdlildeidillrdldiscdisesentio
995 1283 1016 1325 a
1042 1264 1076 1325 te
1120 1260 1222 1345 Laeli,
1237 1193 1266 1232 1⁰
1320 1279 1322 1378 p

216 1349 273 1413 scd
296 1369 424 1433 quaero,
447 1370 529 1432 quae
548 1352 585 1412 tu
603 1370 674 1413 esse
691 1349 816 1413 maiora
833 1338 1016 1434 intellegas.
1047 1342 1086 1413 Z.
1104 1347 1222 1414 Dicam

215 1436 397 1502 mehercule
424 1439 458 1501 et
484 1439 673 1501 contemnar
700 1459 721 1501 a
746 1440 780 1501 te
806 1436 960 1519 fortasse,
992 1458 1065 1501 oum
1092 1440 1130 1500 tu
1155 1437 1223 1501 ista
1321 1411 1323 1494 l

215 1525 368 1589 caelestia
391 1523 429 1589 de
448 1522 596 1613 Scipione
616 1525 801 1609 quaesieris,
824 1546 885 1610 ego
904 1528 1014 1589 autem
1031 1525 1119 1608 haee,
1138 1547 1222 1609 quae

213 1613 365 1678 ridentur
379 1664 383 1671 .
396 1615 471 1675 ante
503 1612 614 1684 oculos
677 1635 712 1676 se
757 1613 862 1697 magis
889 1615 1001 1696 putem
1029 1613 1220 1696 quaerenda.
1236 1630 1263 1670 1⁵

215 1698 299 1775 Quid
321 1699 408 1763 enim
429 1699 512 1763 mihi
532 1680 587 1775 Lss'
620 1721 639 1762 a
708 1721 823 1782 nepos,
849 1699 912 1763 hoo
935 1701 1108 1784 avunculo,
1128 1700 1221 1764 nobi-

215 1787 341 1851 lissima
362 1786 398 1850 in
418 1785 545 1851 familia
568 1789 666 1870 atque
688 1786 806 1850 mbae
828 1789 898 1849 tam
921 1786 1067 1851 clarere
1089 1787 1221 1872 publica

214 1878 324 1957 natus,
356 1874 496 1958 quaerit,
550 1873 717 1961 Q
747 1874 809 1938 duo
840 1873 925 1939 soles
952 1873 1124 1960 visum,
1154 1897 1221 1959 non

216 1962 355 2048 que-oppit,
385 1982 442 2026 eur
470 1961 505 2024 in
533 1983 598 2025 una
626 1982 662 2024 re
688 1961 819 2045 publica
846 1962 909 2026 duo
936 1965 1067 2026 senatus
1096 1966 1129 2027 et
1157 1963 1218 2027 duo
1318 2030 1324 2039 f

214 2079 241 2130 p.
257 2052 322 2131 213]
345 2070 448 2134 paene
467 2049 533 2113 iam
551 2048 771 2134 popu-fiairi?
798 2047 894 2133 Nam,
916 2054 954 2113 ut
971 2047 1107 2137 vildetia
1130 2073 1218 2115 mors
1233 2068 1261 2108 20

215 2137 337 2202 Tiberii
350 2135 489 2202 Gracchi
507 2140 540 2201 et
558 2136 624 2200 iam
643 2140 718 2201 ante
735 2139 809 2201 tota
825 2137 915 2201 illius
932 2138 1018 2203 ratio
1032 2138 1219 2203 tribunatus

215 2225 326 2290 divisit
353 2225 511 2309 populum
539 2247 641 2289 unum
665 2225 702 2288 in
728 2225 807 2289 duas
834 2225 952 2310 partis3
971 2226 1218 2304 lebtrcctatorcs

216 2318 325 2379 autem
347 2316 381 2377 et
402 2312 504 2376 invidi
526 2310 685 2398 Scipionis
708 2312 811 2376 initiis
833 2313 929 2377 factis
952 2336 972 2377 a
989 2312 1025 2377 P.
1044 2312 1163 2379 Crasso
1187 2319 1219 2379 et

214 2402 322 2487 Appio
346 2399 481 2467 Claudio
508 2404 620 2465 tenent
645 2401 750 2465 nihilo
778 2401 885 2465 minus
910 2401 979 2465 illis
1005 2402 1143 2465 mortuis
1173 2407 1234 2466 se?

214 2494 309 2554 natus
342 2490 479 2554 alteram
511 2492 639 2574 partem
671 2489 880 2553 dissidentem
912 2511 932 2553 a
962 2490 1055 2554 vobis
1088 2493 1218 2553 auctore
1233 2508 1260 2548 2⁵

213 2578 347 2642 Metello
371 2581 404 2642 et
420 2575 456 2641 P.
469 2576 810 2729 Mueifflum’
833 2576 889 2660 qui
906 2599 988 2641 unus
1006 2580 1124 2660 potest,
1147 2599 1219 2642 oon·

215 2666 324 2729 citatis
356 2664 452 2729 sociis
484 2669 517 2728 et
547 2687 590 2729 no
732 2665 836 2747 atino,
866 2663 1051 2729 foederibus
1078 2666 1219 2747 violatis,

214 2781 241 2832 p.
260 2754 325 2833 214]
354 2748 542 2837 triumvilris
570 2751 824 2817 se1t1os1ssimis
853 2751 975 2835 aliquid
1002 2753 1120 2817 cotidie
1142 2754 1219 2818 nori

214 2839 435 2923 molientibus,
458 2840 552 2904 bonis
575 2840 654 2904 viris
679 2838 921 2923 [locupletibus]
945 2840 1143 2928 perturbatis
1167 2841 1217 2905 his

162 2941 195 2989 32
214 2931 284 2992 tam
306 2927 496 3012 periculosis
519 2929 614 2992 rebus
638 2926 809 2990 subvenire
831 2926 1008 3009 patiuntur.
1048 2925 1153 3002 Quam
1176 2929 1217 2993 ob
1231 2947 1258 2986 oo

215 3038 296 3097 rem,
325 3016 353 3079 si
375 3038 426 3080 me
450 3015 601 3097 audietis,
630 3014 864 3097 adulescentes,
891 3015 994 3079 solem
1017 3015 1156 3079 alterum
1178 3038 1218 3079 ne

214 3103 409 3187 metueritis3
432 3107 488 3168 aut
512 3101 598 3166 enim
619 3102 729 3166 nullus
753 3124 823 3167 csse
845 3106 963 3187 potest,
986 3106 1043 3167 aut
1065 3103 1109 3167 sit
1132 3124 1218 3186 sane,

124 3276 125 3279 Ἴ
214 3195 252 3255 ut
273 3192 362 3255 visus
386 3194 444 3275 est,
467 3189 562 3253 modo
585 3212 626 3254 ne
650 3190 694 3254 sit
715 3191 883 3274 molestus,
906 3195 963 3256 aut
981 3192 1062 3255 scire
1080 3191 1217 3254 istarum

214 3301 322 3343 rerum
344 3278 427 3343 nihil
451 3281 520 3360 aut,
543 3277 674 3342 etiamsi
695 3279 834 3343 maxime
858 3278 1007 3361 semmua,
1029 3300 1088 3343 nee
1109 3279 1217 3342 melio-

214 3387 265 3429 res
296 3367 337 3431 o'b
368 3387 439 3429 eam
467 3365 635 3430 scientiam
662 3388 721 3431 nee
747 3366 909 3430 beatiores
936 3386 1006 3429 esse
1032 3388 1217 3450 possumus3
1230 3383 1257 3425 es

214 3480 241 3533 p.
261 3455 326 3533 215]
351 3454 507 3538 senaltum
530 3476 606 3518 vero
630 3458 663 3517 et
685 3453 841 3538 populum
860 3456 897 3516 ut
915 3476 1014 3517 unum
1031 3454 1217 3538 habeamus,

214 3544 248 3606 et
270 3540 341 3603 fieri
361 3545 484 3625 potest,
508 3545 541 3605 ct
562 3542 796 3626 permolestum
820 3544 883 3625 est,
905 3540 969 3605 nisi
991 3542 1043 3625 fit,
1070 3545 1104 3606 et
1126 3563 1217 3606 secus
