2675 4209
253 316 319 381 326
610 314 900 370 araneorum
1290 8 1322 387 l

253 460 453 527 Aventinum
480 458 658 544 occupavit.
703 458 752 523 Ao
778 480 819 523 ne
845 458 986 543 Lycurgi
1013 459 1143 543 quidem
1169 459 1280 525 disci-

254 746 330 809 que,
362 746 442 809 quos
474 723 524 787 illi
555 722 720 806 ephoros
752 722 933 806 appellant,
965 723 1000 787 in
1026 721 1125 788 Orata
1152 728 1280 788 autem

254 812 377 896 decem,
409 810 464 896 qui
495 830 646 877 cosmoe
678 815 848 893 vocantur,
879 813 917 873 ut
948 814 1063 875 contra
1091 812 1279 876 consulare
1306 826 1317 865 ⁵

252 928 282 980 p.
301 903 366 981 191]
390 898 561 983 imperium
587 897 713 961 tribuni
739 898 798 982 pl.,
824 897 871 962 sic
892 897 945 961 illi
965 902 1080 963 contra
1102 899 1198 982 siml
1222 921 1279 963 re-

255 988 343 1073 giam
366 986 544 1051 constituti.

201 1061 246 1126 34
319 1073 471 1157 †Fucrat
493 1074 632 1137 fortasse
655 1073 765 1156 aliqua
783 1072 869 1138 ratio
890 1073 1068 1139 maioribus
1085 1074 1213 1139 nostris
1236 1074 1278 1139 in
1319 1027 1333 1108 l

201 1138 236 1189 ⁶⁹
254 1163 313 1227 illo
340 1184 413 1227 aere
437 1162 543 1226 alieno
565 1161 726 1242 medendi,
754 1182 835 1245 quae
857 1182 961 1245 neque
985 1158 1139 1226 Solonem
1161 1162 1276 1226 Athe

253 1251 398 1317 uiensem
427 1272 494 1315 non
525 1249 633 1334 longis
664 1249 866 1332 temporibus
897 1252 973 1313 ante
998 1250 1130 1335 fugerat
1156 1272 1275 1334 neque
1290 1267 1313 1304 ιο

254 1343 330 1424 post
357 1339 525 1422 aliquanto
551 1339 702 1401 nostrum
729 1340 891 1418 senatum,
922 1359 996 1402 cum
1023 1341 1100 1401 sunt
1126 1343 1274 1422 propter

253 1428 348 1491 unius
377 1424 684 1501 libidinem.omnia
709 1446 793 1489 nexa
819 1424 937 1489 civium
964 1425 1106 1489 liberata
1128 1427 1274 1491 nectier-

254 1537 316 1599 que
339 1519 453 1598 postea
475 1514 628 1596 desitum3
651 1534 841 1596 semperque
864 1512 939 1577 huic
962 1513 1082 1598 generi,
1104 1535 1178 1577 cum
1195 1515 1274 1598 ple
1331 1581 1332 1584 ,

253 1631 281 1682 p.
302 1605 366 1684 192]
390 1603 447 1667 bes
470 1601 601 1685 publiea
623 1600 808 1669 calamitate
831 1600 991 1685 inpendiis
1010 1598 1192 1686 delbilitata
1211 1602 1271 1666 de·
1331 1601 1332 1640 ³

253 1692 377 1771 ficeret,
414 1690 529 1753 salutis
566 1689 710 1754 omnium
742 1709 839 1752 causa
870 1689 981 1772 aliqua
1012 1690 1196 1754 sublevatio
1234 1694 1332 1753 et1⁵=

255 1778 412 1842 medicina
436 1777 583 1859 quaesita
600 1780 659 1840 est.
696 1775 766 1851 Quo
785 1779 857 1839 tum
875 1777 1011 1841 consilio
1029 1778 1270 1861 praetermisso

255 1886 353 1930 causa
375 1864 496 1948 populo
519 1867 598 1927 nata
621 1867 680 1946 est,
703 1864 827 1928 duobus
850 1864 991 1928 tribunis
1013 1866 1120 1950 plebis
1138 1888 1197 1950 per
1217 1888 1270 1930 se

256 1952 411 2017 ditionem
440 1951 556 2017 creatis
579 1954 616 2016 ut
639 1952 787 2035 potentia
809 1957 939 2016 senatus
964 1957 1061 2036 atque
1084 1955 1269 2019 auotoritas

256 2041 466 2123 minueretur3
495 2061 576 2124 quae
602 2043 714 2103 tamen
741 2041 850 2125 gravis
875 2045 907 2104 et
929 2062 1050 2125 magna
1071 2043 1268 2107 remanebat
1317 2093 1324 2112 ,

255 2127 504 2213 sapientissimis
527 2130 560 2191 et
581 2127 769 2193 fortissimis
793 2131 826 2191 et
848 2129 947 2193 armis
971 2133 1004 2193 et
1026 2130 1165 2194 oonsilio
1188 2129 1267 2195 civi·
1281 2145 1306 2184 2⁰

254 2245 282 2297 p.
303 2218 367 2297 129]
380 2242 382 2247 ’
395 2219 498 2280 tatem
529 2217 710 2299 tuentibus,
742 2237 877 2299 quorum
908 2214 1094 2302 auctolritas
1121 2218 1268 2282 maxime

254 2304 401 2387 florebat,
424 2303 519 2388 quod,
541 2324 613 2368 cum
631 2303 754 2368 bonore
772 2304 870 2389 louge
888 2305 1118 2369 antecellerent
1137 2307 1267 2389 ceteris,

254 2393 478 2478 voluptatibus
502 2395 595 2455 erant
617 2391 785 2455 inferiores
807 2413 867 2455 nec
884 2393 1028 2475 pecuniis
1045 2392 1148 2457 ferme
1166 2415 1266 2478 supe·

254 2481 370 2565 riores3
394 2501 495 2565 eoque
517 2482 589 2543 crat
611 2479 765 2562 cuiusque
788 2479 914 2564 gratior
935 2480 969 2544 in
992 2503 1027 2544 re
1049 2481 1183 2565 publica
1201 2483 1267 2546 vir-

254 2573 322 2652 tus,
354 2568 440 2651 quod
470 2568 506 2632 in
535 2567 632 2631 rebus
663 2566 801 2651 privatis
834 2566 1081 2653 diligentissime
1113 2569 1265 2655 singulos
1278 2584 1298 2624 ²⁵

255 2656 340 2721 cives
364 2677 471 2739 opera,
494 2654 640 2736 consilio,
661 2676 698 2718 re
720 2655 903 2719 tuebantur.

202 2722 247 2847 ἓξ)
322 2741 393 2816 Quo
421 2741 456 2805 in
486 2744 575 2804 statu
603 2742 650 2806 rei
676 2741 826 2826 publicae
851 2740 904 2827 Sp.
927 2742 1075 2808 Cassium
1105 2744 1144 2809 de
1171 2766 1264 2811 occu-

255 2830 362 2914 pando
385 2849 485 2914 regno
509 2829 706 2911 molientem,
728 2851 856 2895 summa
873 2831 960 2914 apud
977 2833 1134 2916 populum
1154 2836 1264 2918 gratia

254 2946 281 2997 p.
307 2919 371 2997 130]
404 2918 586 3000 florentem,
618 2920 772 3001 quaestor
800 2918 805 3000 Ι
833 2920 1011 3003 accusavit,
1043 2941 1193 3005 eumque,
1225 2926 1264 2986 ut

255 3006 404 3088 audistis,
437 3026 510 3069 cum
541 3008 635 3089 pater
665 3004 700 3068 in
732 3027 770 3069 ea
796 3008 891 3090 culpa
918 3029 987 3071 esse
1014 3009 1200 3092 conperisse
1228 3032 1262 3074 se
1275 3024 1297 3065 ³⁰

254 3095 401 3176 dixisset,
428 3092 560 3158 cedente
581 3092 704 3177 populo
727 3097 831 3158 morte
854 3095 1019 3160 mactavit.
1060 3095 1262 3181 Gratamque

255 3185 354 3249 etiam
379 3182 473 3247 illam
499 3181 605 3266 legem
633 3186 750 3265 quarto
778 3182 905 3248 circiter
931 3187 965 3247 et
992 3183 1260 3269 quinquagesimo

254 3294 339 3336 anno
370 3274 447 3355 post
473 3270 596 3354 primos
624 3270 772 3334 consules
800 3270 838 3334 de
866 3271 971 3335 multa
997 3275 1030 3335 et
1058 3278 1260 3338 sacramento

255 3357 308 3442 Sp.
331 3357 487 3441 Tarpeius
516 3360 548 3421 et
570 3356 609 3421 A.
634 3356 786 3421 Aternius
814 3359 961 3423 eonsules
989 3360 1129 3423 comitiis
1152 3366 1260 3427 centu-

254 3446 348 3510 riatis
372 3446 526 3508 tulerunt.
567 3442 670 3508 Annis
693 3448 808 3529 postea
830 3463 878 3509 xx
903 3468 941 3509 ex
964 3468 1011 3530 eo,
1034 3447 1121 3531 quod
1142 3447 1179 3512 L.
1201 3448 1293 3514 Pas

254 3560 281 3611 p.
296 3534 345 3612 41]
367 3532 469 3616 pirius
488 3531 523 3597 P.
541 3531 691 3596 Pinarius
714 3529 870 3616 censolres
893 3535 1006 3598 multis
1029 3535 1171 3599 dicendis
1192 3538 1259 3601 vim

255 3623 475 3685 armentorum
503 3642 523 3684 a
546 3619 684 3704 privatis
706 3619 741 3683 in
763 3620 929 3703 publicum
951 3625 1150 3703 averterant,
1177 3624 1257 3690 levis
