2675 4209
143 332 200 359 ⁸⁴
266 382 803 585 6216nap<.‘2„
861 354 1003 522 lia

213 742 217 745 Β
436 562 741 759 epessoass
923 590 1065 726 ross

342 1158 389 1233 u.
419 1159 579 1233 rotun
607 1156 854 1233 orosaorus

237 1336 284 1433 D
309 1336 351 1431 E
392 1336 439 1431 R
461 1336 503 1431 E
544 1334 585 1431 P
608 1336 655 1434 U
677 1338 720 1433 B
743 1335 785 1431 L
807 1334 833 1431 Ι
856 1332 894 1430 O
916 1330 966 1430 A

277 1522 467 1578 LIBRORUM
486 1522 554 1577 SEX
572 1521 669 1587 QUAE
688 1520 921 1577 MANSERUNT.

447 1778 570 1837 LIBER
592 1778 752 1838 PRIMUS.

411 1936 439 1995 A
449 1936 475 1995 R
486 1936 512 1996 G
521 1936 550 1997 U
559 1936 591 1994 M
600 1936 624 1994 Ε
635 1936 664 1995 N
673 1936 698 1995 T
708 1935 737 1996 U
746 1936 786 1995 M.

167 2067 237 2124 Cum
254 2068 291 2126 M.
311 2067 396 2123 Tullii
419 2068 486 2123 libri
509 2068 543 2122 de
566 2085 596 2122 re
619 2068 745 2138 publiea,
772 2067 802 2122 in
824 2068 925 2137 quibus
948 2067 1102 2124 scribendis

2 2152 11 2180 '-
92 2142 152 2197 iam
173 2140 240 2195 inde
263 2140 299 2193 ab
317 2156 389 2193 anno
407 2157 433 2193 u.
454 2156 476 2193 a.
497 2145 548 2193 700
568 2141 719 2208 occupatus
738 2136 841 2206 fuerat,
865 2138 992 2193 ediderat
1009 2140 1104 2193 autem

2 2190 9 2259 ἶ
91 2213 153 2267 fere
173 2227 245 2265 anno
264 2228 290 2265 u.
306 2227 329 2264 o.
345 2216 404 2275 703,
424 2209 472 2263 diu
491 2208 642 2263 desiderati
661 2212 755 2264 essent
769 2211 806 2277 et,
825 2209 915 2263 sicubi
929 2227 993 2280 spes
1007 2226 1104 2265 eorum

90 2282 348 2352 recuperandorum
367 2280 486 2335 subnata
504 2281 586 2345 esset,
605 2296 715 2349 semper
733 2279 902 2346 evanuisset,
919 2280 1034 2335 tandem
1048 2281 1103 2333 An-

92 2354 176 2423 gelus
194 2352 284 2406 Maius
302 2353 361 2419 has,
381 2368 449 2419 quas
463 2366 537 2403 nuno
550 2350 695 2417 habemus,
713 2368 809 2405 eorum
822 2350 956 2404 librorum
969 2350 1103 2418 reliquias

92 2426 124 2478 in
150 2422 245 2477 codiee
264 2421 400 2477 Vaticano
419 2420 604 2489 palimpsesto
623 2420 733 2475 invenit
751 2422 780 2475 et
798 2420 960 2474 coniunctas
979 2438 1041 2474 oum
1060 2438 1103 2475 ee-

2 2547 7 2567 ,
92 2494 163 2549 teris
182 2492 346 2561 fragmentis
366 2490 456 2545 edidit
474 2504 546 2543 anno
565 2489 647 2543 huius
667 2490 773 2544 saeculi
789 2490 874 2543 XXII.
904 2488 979 2554 Quae
998 2490 1035 2543 ad
1047 2491 1103 2561 pri·

92 2580 172 2618 mum
190 2563 292 2616 librum
310 2560 459 2631 pertinent,
479 2561 514 2613 de
532 2559 567 2613 iis
586 2558 644 2613 fere
663 2561 733 2613 haec
753 2560 871 2615 dicenda
889 2562 959 2614 sunt.

13 2683 15 2693 ,
169 2633 265 2686 Oioero
283 2631 409 2686 Platonis
433 2632 462 2685 et
479 2629 641 2684 Aristotelis
664 2631 792 2700 exemplo
815 2631 850 2685 de
873 2648 903 2685 re
946 2629 1039 2685 ublioa
1061 2632 1103 2685 in·

94 2704 190 2761 stituit
213 2702 346 2768 seribere,
371 2704 416 2767 ut,
442 2701 466 2755 si
489 2716 545 2770 qua
566 2702 663 2771 posset
681 2701 824 2756 labantem
841 2700 898 2754 iam
941 2717 1103 2756 omanorum

92 2773 315 2844 rempublicam
333 2772 451 2827 oonsilio
470 2773 635 2839 sustentare,
653 2771 726 2825 nihil
745 2771 872 2826 omisisse
890 2771 1039 2826 videretur.
1064 2773 1104 2829 Ut

93 2861 162 2900 vero
187 2844 245 2897 sine
263 2842 323 2897 ulla
339 2842 448 2898 invidia
466 2842 634 2911 disputaret,
658 2841 878 2912 disputationem
895 2859 952 2895 non
971 2858 988 2895 a
1006 2860 1035 2897 se
1054 2845 1104 2897 aut

94 2932 146 2969 suo
169 2915 309 2983 tempore,
333 2914 382 2967 sed
405 2913 440 2967 ab
458 2913 590 2967 Africano
614 2911 722 2967 minore
740 2912 879 2967 Tuditano
897 2912 1012 2981 Aquilio
1032 2930 1102 2970 coss.

94 2990 157 3053 (625
177 3001 201 3039 a.
221 3002 247 3037 u.
267 2987 301 3052 o.)
324 2982 450 3039 habitam
467 2983 556 3053 fingit.
588 2983 633 3036 Ad
656 2984 744 3051 huno,
767 2984 852 3053 paulo
870 2984 937 3038 ante
956 3000 1040 3051 quam
1057 3001 1103 3038 ex-

94 3056 215 3110 stinotus
238 3055 294 3120 est,
316 3054 394 3109 feriis
413 3054 520 3108 Latinis
543 3055 733 3109 convenerant
754 3054 864 3122 aliquot
880 3052 1046 3120 familiares,
1071 3053 1102 3117 Q.

16 3178 24 3195 ,
92 3125 193 3181 Aelius
207 3124 324 3189 Tubero,
342 3124 423 3178 Pauli
441 3141 476 3179 ex
489 3123 610 3178 Aemilia
628 3142 725 3195 nepos,
745 3141 838 3179 sorore
853 3123 987 3190 Africani,
1005 3124 1036 3179 L.
1050 3123 1104 3177 Fu-

92 3196 153 3250 rius
171 3195 279 3263 Philus,
302 3194 332 3249 P.
352 3194 475 3249 Rutilius
494 3194 594 3261 Rufus,
621 3194 667 3263 Sp.
687 3194 849 3262 Mummius,
874 3193 991 3248 Achaioi
1008 3195 1103 3261 frater,

94 3265 125 3326 C.
135 3262 264 3331 Fannius,
282 3264 372 3321 Laelii
386 3282 478 3335 gener,
498 3264 528 3327 Q.
538 3263 646 3343 Mucius
657 3264 800 3332 Scaevola,
816 3264 845 3321 0.
855 3263 966 3345 Laelius
978 3264 1103 3345 Sapiens,

94 3330 142 3394 Μ’.
160 3336 299 3392 Manilius.
334 3334 455 3399 Quorum
474 3336 560 3388 oeten
578 3350 641 3387 oum
659 3335 695 3388 de
713 3333 982 3389 rebuseaelestrbus
1001 3352 1104 3391 sermo·

17 3448 20 3469 ,
95 3407 267 3473 sinerentur,
290 3405 403 3461 Laelius
425 3404 516 3475 magis
540 3404 576 3457 ad
599 3420 630 3458 se
647 3404 787 3474 pertinere
806 3405 932 3461 ostendit
949 3423 1104 3461 sermonem

17 3481 21 3507 ¹
94 3477 131 3533 de
150 3494 180 3532 re
199 3475 325 3546 publioa;
350 3493 433 3545 quem
451 3478 484 3531 ut
501 3474 633 3529 instituat
650 3474 799 3530 Africanus
818 3492 950 3545 suamque
969 3477 1003 3531 de
1023 3494 1056 3531 ea
1073 3495 1103 3531 re

94 3547 264 3603 sententiam
287 3549 421 3616 exponat,
445 3546 546 3601 ceteris
565 3546 787 3600 adsentientibus
806 3547 856 3600 ille
873 3546 1013 3617 impetrat.
1049 3548 1103 3601 Hie

94 3617 183 3689 igitur
200 3620 272 3689 (cap.
292 3623 336 3688 24)
356 3618 470 3673 tandem
489 3616 635 3672 exordiens
654 3618 776 3686 primum
793 3617 892 3672 definit
904 3618 1049 3672 notionem
1062 3616 1104 3671 rei

413 3859 730 4025 ssasoaa
