2675 4209
345 246 414 301 Lm.
431 248 478 302 vl.
498 248 574 303 onP.
594 255 874 315 17-20.§1'1-22.
1042 251 1109 317 375

99 391 188 456 sicut
215 390 335 455 intueri
358 391 460 456 solem
483 391 654 456 adversum
676 392 831 476 nequitis,
858 393 990 477 eiusque
1012 394 1111 458 radiis

97 480 189 545 acies
217 483 328 543 vestra
355 500 532 563 sensusque
557 480 707 544 vincitur.
751 480 841 547 Haec
864 503 925 567 ego
948 482 1112 546 admirans

93 567 286 633 referebam
308 571 419 631 tamen
441 569 552 633 oculos
575 568 616 631 ad
639 572 761 633 terram
782 569 967 635 identidem.

170 654 256 719 Tum
279 654 466 719 Africanus:
490 653 615 740 Sentio,
637 656 754 741 inquit,
775 660 809 723 te
832 658 941 723 sedem
963 658 1063 723 etiam
1076 638 1164 709 19(6)

66 759 193 809 bnunc
216 743 386 808 hominum
413 766 451 809 ac
477 744 609 808 domum
633 746 862 830 contemplari3
895 768 977 830 quae
1000 746 1028 811 si
1050 746 1113 811 tibi
1130 720 1164 768 2⁰

91 853 216 917 parva,
238 835 276 895 ut
299 834 358 914 est,
380 830 428 895 ita
450 831 585 916 videtur,
607 832 689 898 haec
708 834 862 899 caelestia
879 856 1008 921 semper
1025 856 1113 919 spec-

92 924 191 1002 tato,
216 919 277 983 illa
302 919 445 983 humana
473 920 681 985 contemnito
722 921 772 986 Tu
799 923 884 987 enim
912 945 1010 1007 quam
1033 925 1113 988 cele·

92 1008 262 1073 britatem
294 1007 452 1072 sermonis
483 1008 652 1073 hominum
685 1012 742 1073 aut
773 1033 871 1094 quam
901 1012 1113 1097 expetendam

94 1095 259 1179 consequi
282 1094 422 1179 gloriam
443 1097 560 1179 potes?
591 1096 692 1161 Vides
709 1096 853 1163 habitari
871 1099 906 1163 in
923 1101 1113 1165 terrereris

44 1202 75 1241 ιο
94 1187 138 1249 et
169 1183 318 1267 angustis
346 1183 382 1247 in
410 1183 490 1249 locis
521 1188 554 1248 et
582 1185 618 1248 in
645 1184 728 1270 ipsis
756 1187 849 1270 quasi
876 1188 1027 1271 maculis,
1055 1188 1112 1252 ubi

92 1270 287 1354 habitatur,
316 1274 428 1336 vastas
455 1272 647 1337 solitudines
674 1273 876 1359 interiectas,
903 1296 1034 1359 eosque,
1057 1276 1112 1358 qui

91 1359 252 1444 incolunt
282 1362 416 1442 terram,
444 1380 511 1424 non
538 1359 634 1424 modo
661 1360 863 1446 interruptos
891 1362 940 1425 ita
962 1382 1046 1444 esse,
1074 1366 1113 1426 ut

92 1446 188 1513 nihil
211 1446 297 1511 inter
319 1447 408 1530 ipsos
432 1448 473 1511 ab
497 1448 571 1511 aliis
595 1447 635 1510 ad
658 1446 742 1511 alios
764 1470 897 1513 manare
920 1448 1033 1533 possit,
1056 1450 1113 1513 sed

93 1535 227 1621 partim
245 1534 404 1618 obliquos,
426 1536 548 1619 partim
566 1539 780 1619 transversos,
802 1536 924 1620 partim
942 1535 1041 1599 etiam
1060 1536 1113 1601 ad-

45 1640 78 1681 15
95 1644 217 1688 versos
241 1626 328 1687 stare
349 1622 457 1707 robis3
484 1646 505 1687 a
528 1622 645 1707 quibus
669 1627 838 1707 expectare
862 1622 1002 1709 gloriam
1025 1628 1112 1689 certe

96 1711 231 1776 nullam
253 1711 402 1796 potestis.
1070 1742 1073 1746 ·

173 1797 285 1864 Cernis
304 1802 413 1863 autern
431 1800 565 1865 eandem
579 1802 703 1863 terram
718 1801 811 1883 quasi
825 1800 1019 1886 quibusdam
1031 1801 1112 1867 redi·
1122 1778 1166 1907 {lli

101 1887 222 1951 mitam
241 1890 274 1951 et
291 1888 523 1952 circumdatam
540 1888 690 1973 cingulis,
708 1910 726 1953 e
744 1890 860 1973 quibus
880 1890 960 1954 duos
974 1890 1113 1954 maxime

100 1976 191 2039 inter
218 1996 252 2039 se
279 1975 423 2040 diversos
450 1979 484 2039 et
510 1976 592 2040 caeli
614 1977 789 2042 verticibus
810 1977 892 2062 ipsis
915 2000 953 2042 ex
976 1981 1113 2062 utraque

53 2080 85 2119 2⁰
102 2067 201 2148 parte
220 2063 374 2128 subnixos
393 2062 575 2149 obriguisse
593 2064 710 2149 pruina
728 2066 826 2149 vides,
845 2066 986 2131 medium
1005 2070 1112 2131 autem

102 2152 200 2215 illurn
232 2154 265 2215 et
296 2150 473 2215 maximum
505 2152 584 2215 solis
616 2152 732 2217 ardore
757 2154 884 2219 torreri.
931 2154 1006 2219 Duo
1038 2159 1114 2218 sunt

103 2239 312 2323 habitabiles,
334 2261 471 2322 quorum
490 2241 644 2304 australis
662 2240 729 2324 ille,
747 2241 782 2304 in
800 2264 863 2324 quo
879 2242 934 2325 qui
947 2242 1113 2323 insistunt,

105 2328 244 2392 adversa
270 2327 364 2391 vobis
392 2331 510 2412 urgent
536 2327 690 2413 vestigia,
719 2328 802 2391 nihil
830 2329 871 2391 ad
892 2332 1038 2392 vestrum
1061 2348 1114 2412 ge

103 2436 183 2498 nus3
209 2415 262 2480 hio
290 2418 399 2479 autern
427 2416 511 2480 alter
537 2416 701 2482 subiectus
726 2415 883 2500 aquiloni,
911 2437 1007 2499 quern
1028 2414 1113 2479 inco-

55 2518 89 2560 25
104 2503 191 2586 litis,
218 2524 312 2567 cerne
339 2524 436 2585 quam
463 2503 553 2568 tenui
579 2524 637 2568 vos
659 2508 755 2588 parte
777 2502 957 2588 contingat.
1001 2502 1113 2568 Omnis

104 2591 194 2655 enim
211 2592 308 2673 terra,
332 2611 414 2673 quae
432 2592 551 2657 colitur
569 2615 590 2656 a
606 2592 709 2675 vobis,
734 2594 911 2678 angustata
928 2592 1114 2677 verticibus,

104 2678 265 2743 lateribus
288 2678 396 2763 latior,
418 2702 520 2764 parva
544 2680 702 2762 quaedam
720 2681 828 2745 insula
847 2684 897 2746 est
920 2680 1114 2748 circumfusa

105 2767 166 2831 illo
185 2766 277 2850 mari,
295 2767 379 2850 quod
394 2767 606 2851 Atlanticum,
625 2768 711 2851 quod
724 2791 889 2855 magnum,
909 2793 1004 2855 quern
1018 2769 1114 2837 Ocea-

105 2875 185 2918 num
218 2854 391 2939 appellatis
422 2856 457 2920 in
487 2856 597 2939 terris,
630 2857 686 2941 qui
716 2860 827 2923 tamen
858 2863 952 2924 tanto
983 2860 1114 2924 nomine

4 2950 7 3109 l
63 2958 93 3000 ⁸⁰
106 2964 414 3095 ,iffi-2²³⁸
221 2943 300 3096 tt
319 2966 375 3096 tt
388 2943 551 3096 stellis·
565 2944 1113 3115 ,ttltttbtltttttt
1132 2967 1166 3015 ²²

4 3122 8 3151 ³
108 3117 287 3184 Caucasum
309 3120 403 3202 huno,
427 3141 522 3203 quem
545 3117 658 3201 cernis,
681 3119 909 3185 transcendere
931 3118 1040 3202 potuit
1061 3118 1114 3181 vel

106 3207 201 3271 illum
220 3206 358 3293 Gangen
379 3207 567 3271 tranatare?
595 3204 674 3281 Quis
697 3207 732 3269 in
751 3206 884 3290 reliquis
903 3205 1039 3269 orientis
1057 3208 1115 3268 aut

108 3296 258 3360 obeuntis
286 3295 364 3359 solis
386 3295 512 3360 ultimis
535 3297 592 3360 aut
615 3294 776 3378 aquilonis
799 3292 942 3358 austrive
965 3292 1114 3378 partibus

66 3398 94 3440 ³5
108 3386 200 3448 tuum
219 3405 340 3447 nomen
361 3384 490 3448 audiet?
514 3384 631 3467 quibus
649 3380 827 3465 amputatis
846 3381 950 3446 cernis
968 3381 1114 3466 profecto

109 3470 237 3555 quantis
256 3471 291 3534 in
310 3471 471 3556 angustiis
489 3476 600 3538 vestra
614 3493 648 3535 se
663 3468 770 3555 gloria
783 3469 916 3535 dilatari
928 3470 1016 3536 uelit.
1045 3466 1116 3549 Ipsi

108 3563 226 3643 autem,
251 3558 307 3641 qui
330 3559 369 3623 de
391 3558 486 3623 nobis
508 3561 699 3645 loquuntur,
721 3580 820 3645 quam
842 3559 1016 3647 loquentur
1039 3552 1115 3617 diu?
