<?xml version="1.0" encoding="UTF-8"?>
<!DOCTYPE html PUBLIC "-//W3C//DTD XHTML 1.0 Transitional//EN"
    "http://www.w3.org/TR/xhtml1/DTD/xhtml1-transitional.dtd">
<html xmlns="http://www.w3.org/1999/xhtml" xml:lang="en" lang="en">
 <head>
  <title>
</title>
<meta http-equiv="Content-Type" content="text/html;charset=utf-8" />
  <meta name='ocr-system' content='tesseract 3.04.00' />
  <meta name='ocr-capabilities' content='ocr_page ocr_carea ocr_par ocr_line ocrx_word'/>
</head>
<body>
  <div class='ocr_page' id='page_1' title='image "./mtuliciceronisl00mlgoog_0092.png"; bbox 0 0 2675 4209; ppageno 0'>
   <div class='ocr_carea' id='block_1_1' title="bbox 241 231 892 297">
    <p class='ocr_par' dir='ltr' id='par_1_1' title="bbox 241 231 892 297">
     <span class='ocr_line' id='line_1_1' title="bbox 241 231 892 297; baseline -0.018 0"><span class='ocrx_word' id='word_1_1' title='bbox 241 232 307 297; x_wconf 82' lang='lat'>360</span> <span class='ocrx_word' id='word_1_2' title='bbox 604 232 653 285; x_wconf 83' lang='lat' dir='ltr'>DE</span> <span class='ocrx_word' id='word_1_3' title='bbox 671 231 719 287; x_wconf 81' lang='lat' dir='ltr'>RE</span> <span class='ocrx_word' id='word_1_4' title='bbox 737 231 892 291; x_wconf 81' lang='lat' dir='ltr'>PUBLICA</span> 
     </span>
    </p>
   </div>
   <div class='ocr_carea' id='block_1_2' title="bbox 233 368 1327 1429">
    <p class='ocr_par' dir='ltr' id='par_1_2' title="bbox 233 368 1327 1429">
     <span class='ocr_line' id='line_1_2' title="bbox 239 368 1246 461; baseline 0.001 -20"><span class='ocrx_word' id='word_1_5' title='bbox 239 372 311 441; x_wconf 81' lang='grc' dir='ltr'><strong><em>κατ’</em></strong></span> <span class='ocrx_word' id='word_1_6' title='bbox 342 372 450 460; x_wconf 80' lang='grc' dir='ltr'><strong><em>αὐλὴν</em></strong></span> <span class='ocrx_word' id='word_1_7' title='bbox 477 368 499 459; x_wconf 78' lang='grc' dir='ltr'><em>ἢ</em></span> <span class='ocrx_word' id='word_1_8' title='bbox 526 373 608 441; x_wconf 82' lang='grc' dir='ltr'><strong><em>κατὰ</em></strong></span> <span class='ocrx_word' id='word_1_9' title='bbox 637 372 700 459; x_wconf 81' lang='grc' dir='ltr'>τὴν</span> <span class='ocrx_word' id='word_1_10' title='bbox 727 371 832 441; x_wconf 82' lang='grc' dir='ltr'><strong><em>αὑτοῦ</em></strong></span> <span class='ocrx_word' id='word_1_11' title='bbox 854 379 1066 461; x_wconf 82' lang='grc' dir='ltr'><strong><em>προαίρεσιν,</em></strong></span> <span class='ocrx_word' id='word_1_12' title='bbox 1094 372 1177 442; x_wconf 80' lang='grc' dir='ltr'><strong><em>ἄλλα</em></strong></span> <span class='ocrx_word' id='word_1_13' title='bbox 1201 372 1246 459; x_wconf 76' lang='grc' dir='ltr'>μὴ</span> 
     </span>
     <span class='ocr_line' id='line_1_3' title="bbox 238 468 1248 557; baseline -0.001 -19"><span class='ocrx_word' id='word_1_14' title='bbox 238 485 310 551; x_wconf 86' lang='grc' dir='ltr'><strong><em>ταῖς</em></strong></span> <span class='ocrx_word' id='word_1_15' title='bbox 332 469 405 537; x_wconf 82' lang='grc' dir='ltr'><strong><em>κατ’</em></strong></span> <span class='ocrx_word' id='word_1_16' title='bbox 431 469 551 539; x_wconf 83' lang='grc' dir='ltr'><strong><em>οὐσίαν</em></strong></span> <span class='ocrx_word' id='word_1_17' title='bbox 570 471 742 538; x_wconf 77' lang='grc' dir='ltr'><em>δουλεύων</em></span> <span class='ocrx_word' id='word_1_18' title='bbox 759 468 972 537; x_wconf 77' lang='grc' dir='ltr'><strong><em>ὑποθέσεσιν.</em></strong></span> <span class='ocrx_word' id='word_1_19' title='bbox 1011 468 1114 557; x_wconf 82' lang='grc' dir='ltr'><strong><em>Οἶμαι</em></strong></span> <span class='ocrx_word' id='word_1_20' title='bbox 1132 472 1179 557; x_wconf 74' lang='grc' dir='ltr'>δὲ,</span> <span class='ocrx_word' id='word_1_21' title='bbox 1203 468 1248 548; x_wconf 77' lang='grc' dir='ltr'>ὥς</span> 
     </span>
     <span class='ocr_line' id='line_1_4' title="bbox 233 565 1247 655; baseline -0.003 -19"><span class='ocrx_word' id='word_1_22' title='bbox 233 566 315 636; x_wconf 77' lang='grc' dir='ltr'><strong><em>ὀὐδ’</em></strong></span> <span class='ocrx_word' id='word_1_23' title='bbox 347 565 390 634; x_wconf 77' lang='grc' dir='ltr'>ἂν</span> <span class='ocrx_word' id='word_1_24' title='bbox 421 565 527 655; x_wconf 77' lang='grc' dir='ltr'><strong><em>αὐτὴν</em></strong></span> <span class='ocrx_word' id='word_1_25' title='bbox 557 572 653 653; x_wconf 78' lang='grc' dir='ltr'><strong><em>ἔψεγε</em></strong></span> <span class='ocrx_word' id='word_1_26' title='bbox 681 567 861 655; x_wconf 78' lang='grc' dir='ltr'><strong><em>ῥητορικὴν</em></strong></span> <span class='ocrx_word' id='word_1_27' title='bbox 891 567 946 635; x_wconf 77' lang='grc' dir='ltr'>διὰ</span> <span class='ocrx_word' id='word_1_28' title='bbox 974 567 1054 647; x_wconf 78' lang='grc' dir='ltr'><strong><em>τοὺς</em></strong></span> <span class='ocrx_word' id='word_1_29' title='bbox 1078 569 1247 654; x_wconf 74' lang='grc' dir='ltr'><strong><em>δεκαζομέ-</em></strong></span> 
     </span>
     <span class='ocr_line' id='line_1_5' title="bbox 239 662 1327 757; baseline -0.002 -25"><span class='ocrx_word' id='word_1_30' title='bbox 239 692 321 744; x_wconf 91' lang='grc' dir='ltr'><strong><em>νους</em></strong></span> <span class='ocrx_word' id='word_1_31' title='bbox 341 670 410 733; x_wconf 80' lang='grc' dir='ltr'>τῶν</span> <span class='ocrx_word' id='word_1_32' title='bbox 433 663 594 752; x_wconf 82' lang='grc' dir='ltr'><strong><em>ρητόρων.</em></strong></span> <span class='ocrx_word' id='word_1_33' title='bbox 633 662 731 731; x_wconf 82' lang='grc' dir='ltr'><strong><em>Οὕτω</em></strong></span> <span class='ocrx_word' id='word_1_34' title='bbox 756 663 797 749; x_wconf 79' lang='grc' dir='ltr'>δὴ</span> <span class='ocrx_word' id='word_1_35' title='bbox 821 665 877 731; x_wconf 84' lang='grc' dir='ltr'>καὶ</span> <span class='ocrx_word' id='word_1_36' title='bbox 900 672 934 732; x_wconf 80' lang='grc' dir='ltr'><strong><em>ελ</em></strong></span> <span class='ocrx_word' id='word_1_37' title='bbox 952 689 1040 743; x_wconf 86' lang='grc' dir='ltr'><strong><em>τινες</em></strong></span> <span class='ocrx_word' id='word_1_38' title='bbox 1057 670 1127 731; x_wconf 78' lang='grc' dir='ltr'>τῶν</span> <span class='ocrx_word' id='word_1_39' title='bbox 1143 690 1247 751; x_wconf 82' lang='grc' dir='ltr'><strong><em>τεχνι-</em></strong></span> <span class='ocrx_word' id='word_1_40' title='bbox 1325 754 1327 757; x_wconf 8' lang='lat' dir='ltr'>y</span> 
     </span>
     <span class='ocr_line' id='line_1_6' title="bbox 239 759 1327 853; baseline 0.002 -23"><span class='ocrx_word' id='word_1_41' title='bbox 239 768 306 831; x_wconf 78' lang='grc' dir='ltr'>τῶν</span> <span class='ocrx_word' id='word_1_42' title='bbox 330 762 385 829; x_wconf 74' lang='grc' dir='ltr'>διὰ</span> <span class='ocrx_word' id='word_1_43' title='bbox 405 760 442 829; x_wconf 89' lang='grc' dir='ltr'>τὸ</span> <span class='ocrx_word' id='word_1_44' title='bbox 461 775 532 842; x_wconf 76' lang='grc' dir='ltr'><strong><em>τοῖς</em></strong></span> <span class='ocrx_word' id='word_1_45' title='bbox 550 768 686 840; x_wconf 79' lang='grc' dir='ltr'><strong><em>πολλοῖς</em></strong></span> <span class='ocrx_word' id='word_1_46' title='bbox 704 759 858 850; x_wconf 76' lang='grc' dir='ltr'><strong><em>ἀρέσκειν</em></strong></span> <span class='ocrx_word' id='word_1_47' title='bbox 875 761 916 829; x_wconf 79' lang='grc' dir='ltr'>τὰ</span> <span class='ocrx_word' id='word_1_48' title='bbox 936 760 1061 847; x_wconf 81' lang='grc' dir='ltr'><strong><em>ἀγεννῆ</em></strong></span> <span class='ocrx_word' id='word_1_49' title='bbox 1081 763 1270 853; x_wconf 76' lang='grc' dir='ltr'><strong><em>μελῳδοῦ-ε</em></strong></span> <span class='ocrx_word' id='word_1_50' title='bbox 1325 771 1327 781; x_wconf 64' lang='lat'>²</span> 
     </span>
     <span class='ocr_line' id='line_1_7' title="bbox 239 856 1327 973; baseline -0.003 -48"><span class='ocrx_word' id='word_1_51' title='bbox 239 879 305 943; x_wconf 85' lang='grc' dir='ltr'><strong><em>σιν,</em></strong></span> <span class='ocrx_word' id='word_1_52' title='bbox 321 857 362 926; x_wconf 83' lang='grc' dir='ltr'>οὐ</span> <span class='ocrx_word' id='word_1_53' title='bbox 377 862 435 943; x_wconf 80' lang='grc' dir='ltr'>τῆς</span> <span class='ocrx_word' id='word_1_54' title='bbox 447 860 564 946; x_wconf 81' lang='grc' dir='ltr'><strong><em>τέχνης</em></strong></span> <span class='ocrx_word' id='word_1_55' title='bbox 576 857 614 925; x_wconf 88' lang='grc' dir='ltr'>τὸ</span> <span class='ocrx_word' id='word_1_56' title='bbox 631 862 775 945; x_wconf 75' lang='grc' dir='ltr'><strong><em>αἰτίαμα.</em></strong></span> <span class='ocrx_word' id='word_1_57' title='bbox 795 856 892 925; x_wconf 79' lang='grc' dir='ltr'><strong><em>Ἀλλὰ</em></strong></span> <span class='ocrx_word' id='word_1_58' title='bbox 906 859 962 926; x_wconf 82' lang='grc' dir='ltr'>καὶ</span> <span class='ocrx_word' id='word_1_59' title='bbox 976 856 997 944; x_wconf 79' lang='grc' dir='ltr'><em>ἡ</em></span> <span class='ocrx_word' id='word_1_60' title='bbox 1011 859 1129 947; x_wconf 81' lang='grc' dir='ltr'><strong><em>πατρὶς</em></strong></span> <span class='ocrx_word' id='word_1_61' title='bbox 1143 856 1247 925; x_wconf 77' lang='grc' dir='ltr'><strong><em>αὐτοῦ</em></strong></span> <span class='ocrx_word' id='word_1_62' title='bbox 1311 921 1327 973; x_wconf 39' lang='grc' dir='ltr'><em>Α</em></span> 
     </span>
     <span class='ocr_line' id='line_1_8' title="bbox 238 953 1248 1047; baseline -0.002 -26"><span class='ocrx_word' id='word_1_63' title='bbox 238 953 318 1033; x_wconf 84' lang='grc' dir='ltr'><strong><em>τοὺς</em></strong></span> <span class='ocrx_word' id='word_1_64' title='bbox 350 954 410 1040; x_wconf 77' lang='grc' dir='ltr'>μὲν</span> <span class='ocrx_word' id='word_1_65' title='bbox 439 957 491 1023; x_wconf 80' lang='grc' dir='ltr'>ἐπὶ</span> <span class='ocrx_word' id='word_1_66' title='bbox 513 960 614 1043; x_wconf 79' lang='grc' dir='ltr'><strong><em>Νομᾶ</em></strong></span> <span class='ocrx_word' id='word_1_67' title='bbox 643 956 700 1023; x_wconf 85' lang='grc' dir='ltr'>καὶ</span> <span class='ocrx_word' id='word_1_68' title='bbox 728 954 808 1034; x_wconf 78' lang='grc' dir='ltr'>τούς</span> <span class='ocrx_word' id='word_1_69' title='bbox 835 953 938 1047; x_wconf 76' lang='grc' dir='ltr'><strong><em>ὀλίγῳ</em></strong></span> <span class='ocrx_word' id='word_1_70' title='bbox 966 954 1037 1042; x_wconf 82' lang='grc' dir='ltr'><strong><em>μετ’</em></strong></span> <span class='ocrx_word' id='word_1_71' title='bbox 1068 954 1174 1024; x_wconf 80' lang='grc' dir='ltr'><strong><em>αὐτὸν</em></strong></span> <span class='ocrx_word' id='word_1_72' title='bbox 1202 960 1248 1021; x_wconf 82' lang='grc' dir='ltr'>ἔτι</span> 
     </span>
     <span class='ocr_line' id='line_1_9' title="bbox 241 1049 1249 1141; baseline 0 -24"><span class='ocrx_word' id='word_1_73' title='bbox 241 1050 465 1138; x_wconf 77' lang='grc' dir='ltr'>τυγχάνοντας</span> <span class='ocrx_word' id='word_1_74' title='bbox 488 1050 712 1141; x_wconf 79' lang='grc' dir='ltr'><strong><em>ἀγριωτέρους</em></strong></span> <span class='ocrx_word' id='word_1_75' title='bbox 731 1057 873 1141; x_wconf 74' lang='grc' dir='ltr'><strong><em>μουσικῇ</em></strong></span> <span class='ocrx_word' id='word_1_76' title='bbox 892 1054 1155 1139; x_wconf 74' lang='grc' dir='ltr'><strong><em>παιδευομένους</em></strong></span> <span class='ocrx_word' id='word_1_77' title='bbox 1172 1049 1249 1139; x_wconf 81' lang='grc' dir='ltr'><strong><em>εἶχε,</em></strong></span> 
     </span>
     <span class='ocr_line' id='line_1_10' title="bbox 238 1145 1248 1239; baseline -0.001 -25"><span class='ocrx_word' id='word_1_78' title='bbox 238 1146 329 1214; x_wconf 76' lang='grc' dir='ltr'><strong><em>καθα</em></strong></span> <span class='ocrx_word' id='word_1_79' title='bbox 352 1147 408 1215; x_wconf 82' lang='grc' dir='ltr'>καὶ</span> <span class='ocrx_word' id='word_1_80' title='bbox 432 1145 533 1227; x_wconf 76' lang='grc' dir='ltr'><strong><em>αὐτός</em></strong></span> <span class='ocrx_word' id='word_1_81' title='bbox 556 1169 678 1235; x_wconf 81' lang='grc' dir='ltr'><strong><em>φησιν,</em></strong></span> <span class='ocrx_word' id='word_1_82' title='bbox 706 1154 777 1239; x_wconf 79' lang='grc' dir='ltr'><strong><em>ἰδία</em></strong></span> <span class='ocrx_word' id='word_1_83' title='bbox 798 1174 834 1217; x_wconf 88' lang='grc' dir='ltr'><strong><em>τε</em></strong></span> <span class='ocrx_word' id='word_1_84' title='bbox 858 1152 894 1217; x_wconf 81' lang='grc' dir='ltr'>ἐν</span> <span class='ocrx_word' id='word_1_85' title='bbox 918 1148 1073 1237; x_wconf 79' lang='grc' dir='ltr'><strong><em>εὐωχίαις</em></strong></span> <span class='ocrx_word' id='word_1_86' title='bbox 1094 1152 1193 1237; x_wconf 78' lang='grc' dir='ltr'><strong><em>κοινῇ</em></strong></span> <span class='ocrx_word' id='word_1_87' title='bbox 1215 1173 1248 1213; x_wconf 88' lang='grc' dir='ltr'><strong><em>τε</em></strong></span> 
     </span>
     <span class='ocr_line' id='line_1_11' title="bbox 240 1242 1278 1334; baseline 0.003 -21"><span class='ocrx_word' id='word_1_88' title='bbox 240 1247 277 1313; x_wconf 79' lang='grc' dir='ltr'>έν</span> <span class='ocrx_word' id='word_1_89' title='bbox 304 1242 448 1325; x_wconf 78' lang='grc' dir='ltr'><strong><em>ἁπάσαις</em></strong></span> <span class='ocrx_word' id='word_1_90' title='bbox 474 1252 618 1324; x_wconf 79' lang='grc' dir='ltr'><strong><em>τελεταῖς</em></strong></span> <span class='ocrx_word' id='word_1_91' title='bbox 646 1251 742 1331; x_wconf 86' lang='grc' dir='ltr'><strong><em>σφίσι</em></strong></span> <span class='ocrx_word' id='word_1_92' title='bbox 769 1246 1044 1334; x_wconf 77' lang='grc' dir='ltr'><strong><em>συνοργιαζούσγ.</em></strong></span> <span class='ocrx_word' id='word_1_93' title='bbox 1080 1248 1278 1331; x_wconf 65' lang='lat' dir='ltr'>(Asteriden</span> 
     </span>
     <span class='ocr_line' id='line_1_12' title="bbox 241 1344 1068 1429; baseline 0.001 -20"><span class='ocrx_word' id='word_1_94' title='bbox 241 1344 345 1425; x_wconf 72' lang='lat' dir='ltr'>Quint.</span> <span class='ocrx_word' id='word_1_95' title='bbox 368 1349 404 1411; x_wconf 83' lang='lat' dir='ltr'>de</span> <span class='ocrx_word' id='word_1_96' title='bbox 426 1348 544 1411; x_wconf 76' lang='lat' dir='ltr'>mustea</span> <span class='ocrx_word' id='word_1_97' title='bbox 565 1345 612 1409; x_wconf 92' lang='lat' dir='ltr'>II</span> <span class='ocrx_word' id='word_1_98' title='bbox 624 1366 658 1427; x_wconf 80' lang='grc' dir='ltr'>μ.</span> <span class='ocrx_word' id='word_1_99' title='bbox 682 1351 820 1410; x_wconf 80' lang='lat'><strong><em>69-71.</em></strong></span> <span class='ocrx_word' id='word_1_100' title='bbox 842 1349 887 1410; x_wconf 85' lang='lat' dir='ltr'>ed.</span> <span class='ocrx_word' id='word_1_101' title='bbox 910 1347 1068 1429; x_wconf 79' lang='lat' dir='ltr'>Meibom.)</span> 
     </span>
    </p>
   </div>
   <div class='ocr_carea' id='block_1_3' title="bbox 235 1443 1277 1792">
    <p class='ocr_par' dir='ltr' id='par_1_3' title="bbox 235 1443 1277 1792">
     <span class='ocr_line' id='line_1_13' title="bbox 306 1443 1247 1527; baseline -0.002 -20"><span class='ocrx_word' id='word_1_102' title='bbox 306 1444 374 1509; x_wconf 81' lang='lat' dir='ltr'>Fae</span> <span class='ocrx_word' id='word_1_103' title='bbox 395 1446 565 1509; x_wconf 70' lang='grc' dir='ltr'><strong><em>ἀεινυαλλυα</em></strong></span> <span class='ocrx_word' id='word_1_104' title='bbox 586 1443 625 1507; x_wconf 85' lang='lat' dir='ltr'>ab</span> <span class='ocrx_word' id='word_1_105' title='bbox 647 1462 680 1506; x_wconf 90' lang='lat' dir='ltr'>eo</span> <span class='ocrx_word' id='word_1_106' title='bbox 703 1443 757 1525; x_wconf 87' lang='lat' dir='ltr'>(ab</span> <span class='ocrx_word' id='word_1_107' title='bbox 778 1444 907 1527; x_wconf 81' lang='lat' dir='ltr'>armis):</span> <span class='ocrx_word' id='word_1_108' title='bbox 934 1445 1123 1520; x_wconf 80' lang='lat' dir='ltr'>armarium,</span> <span class='ocrx_word' id='word_1_109' title='bbox 1145 1463 1247 1506; x_wconf 82' lang='lat' dir='ltr'>arma·</span> 
     </span>
     <span class='ocr_line' id='line_1_14' title="bbox 241 1530 1248 1614; baseline -0.004 -17"><span class='ocrx_word' id='word_1_110' title='bbox 241 1538 384 1611; x_wconf 79' lang='lat' dir='ltr'>mentam,</span> <span class='ocrx_word' id='word_1_111' title='bbox 404 1532 690 1608; x_wconf 76' lang='lat' dir='ltr'>aroenmeatariam,</span> <span class='ocrx_word' id='word_1_112' title='bbox 710 1532 866 1614; x_wconf 81' lang='lat' dir='ltr'><strong>armillae,</strong></span> <span class='ocrx_word' id='word_1_113' title='bbox 884 1553 962 1613; x_wconf 77' lang='lat' dir='ltr'>qaae</span> <span class='ocrx_word' id='word_1_114' title='bbox 978 1552 1061 1596; x_wconf 83' lang='grc' dir='ltr'><strong><em>ιιιιαο</em></strong></span> <span class='ocrx_word' id='word_1_115' title='bbox 1078 1530 1248 1595; x_wconf 71' lang='lat' dir='ltr'>bracteolis</span> 
     </span>
     <span class='ocr_line' id='line_1_15' title="bbox 240 1617 1245 1701; baseline -0.003 -17"><span class='ocrx_word' id='word_1_116' title='bbox 240 1626 355 1684; x_wconf 81' lang='grc' dir='ltr'><strong><em>υοοαιιλ</em></strong></span> <span class='ocrx_word' id='word_1_117' title='bbox 396 1621 450 1685; x_wconf 71' lang='lat' dir='ltr'>aa</span> <span class='ocrx_word' id='word_1_118' title='bbox 472 1620 576 1685; x_wconf 78' lang='lat' dir='ltr'>Cicero</span> <span class='ocrx_word' id='word_1_119' title='bbox 603 1621 638 1683; x_wconf 87' lang='grc' dir='ltr'>ιἰι</span> <span class='ocrx_word' id='word_1_120' title='bbox 664 1625 772 1700; x_wconf 80' lang='lat' dir='ltr'>quarto</span> <span class='ocrx_word' id='word_1_121' title='bbox 800 1621 836 1684; x_wconf 78' lang='lat' dir='ltr'>de</span> <span class='ocrx_word' id='word_1_122' title='bbox 857 1641 891 1683; x_wconf 83' lang='lat' dir='ltr'>re</span> <span class='ocrx_word' id='word_1_123' title='bbox 906 1620 1041 1701; x_wconf 70' lang='lat' dir='ltr'>perblieo.</span> <span class='ocrx_word' id='word_1_124' title='bbox 1077 1617 1245 1701; x_wconf 63' lang='grc' dir='ltr'><strong><em>(Ητζςιέαα.</em></strong></span> 
     </span>
     <span class='ocr_line' id='line_1_16' title="bbox 235 1703 1277 1792; baseline -0.007 -20"><span class='ocrx_word' id='word_1_125' title='bbox 235 1710 344 1792; x_wconf 73' lang='lat' dir='ltr'>partit.</span> <span class='ocrx_word' id='word_1_126' title='bbox 367 1707 446 1771; x_wconf 82' lang='lat' dir='ltr'>XII</span> <span class='ocrx_word' id='word_1_127' title='bbox 464 1728 538 1773; x_wconf 85' lang='lat' dir='ltr'>vers.</span> <span class='ocrx_word' id='word_1_128' title='bbox 562 1708 640 1771; x_wconf 83' lang='grc' dir='ltr'><strong><em>Αειι.</em></strong></span> <span class='ocrx_word' id='word_1_129' title='bbox 663 1712 692 1771; x_wconf 88' lang='grc'>1.</span> <span class='ocrx_word' id='word_1_130' title='bbox 714 1712 806 1789; x_wconf 68' lang='lat'><em>141).</em></span> <span class='ocrx_word' id='word_1_131' title='bbox 829 1711 903 1772; x_wconf 77' lang='lat'><strong><em>462.</em></strong></span> <span class='ocrx_word' id='word_1_132' title='bbox 926 1703 994 1788; x_wconf 85' lang='lat'><strong><em>31.)</em></strong></span> <span class='ocrx_word' id='word_1_133' title='bbox 1257 1724 1277 1765; x_wconf 76' lang='grc' dir='ltr'><strong><em>ιε</em></strong></span> 
     </span>
    </p>
   </div>
   <div class='ocr_carea' id='block_1_4' title="bbox 638 1904 849 1913">
    <p class='ocr_par' dir='ltr' id='par_1_4' title="bbox 638 1904 849 1913">
     <span class='ocr_line' id='line_1_17' title="bbox 638 1904 849 1913; baseline -0.005 -2"><span class='ocrx_word' id='word_1_134' title='bbox 638 1904 849 1913; x_wconf 71' lang='lat'><em>--—.-</em></span> 
     </span>
    </p>
   </div>
   <div class='ocr_carea' id='block_1_5' title="bbox 391 2026 1096 2265">
    <p class='ocr_par' dir='ltr' id='par_1_5' title="bbox 391 2026 1096 2265">
     <span class='ocr_line' id='line_1_18' title="bbox 487 2026 999 2099; baseline 0 0"><span class='ocrx_word' id='word_1_135' title='bbox 487 2027 535 2099; x_wconf 84' lang='grc' dir='ltr'>Μ.</span> <span class='ocrx_word' id='word_1_136' title='bbox 565 2026 726 2099; x_wconf 74' lang='lat' dir='ltr'>sunan</span> <span class='ocrx_word' id='word_1_137' title='bbox 753 2026 999 2099; x_wconf 77' lang='lat' dir='ltr'>cressonis</span> 
     </span>
     <span class='ocr_line' id='line_1_19' title="bbox 391 2165 1096 2265; baseline -0.001 -1"><span class='ocrx_word' id='word_1_138' title='bbox 391 2166 499 2264; x_wconf 86' lang='lat' dir='ltr'>DE</span> <span class='ocrx_word' id='word_1_139' title='bbox 549 2168 655 2263; x_wconf 84' lang='lat' dir='ltr'>RE</span> <span class='ocrx_word' id='word_1_140' title='bbox 700 2165 1096 2265; x_wconf 83' lang='lat' dir='ltr'><strong>PUBLIOA</strong></span> 
     </span>
    </p>
   </div>
   <div class='ocr_carea' id='block_1_6' title="bbox 554 2337 934 2407">
    <p class='ocr_par' dir='ltr' id='par_1_6' title="bbox 554 2337 934 2407">
     <span class='ocr_line' id='line_1_20' title="bbox 554 2337 934 2407; baseline 0 -10"><span class='ocrx_word' id='word_1_141' title='bbox 554 2338 692 2397; x_wconf 82' lang='lat' dir='ltr'>LIBER</span> <span class='ocrx_word' id='word_1_142' title='bbox 722 2337 934 2407; x_wconf 81' lang='lat' dir='ltr'>QUINTUS.</span> 
     </span>
    </p>
   </div>
   <div class='ocr_carea' id='block_1_7' title="bbox 598 2602 894 2663">
    <p class='ocr_par' dir='ltr' id='par_1_7' title="bbox 598 2602 894 2663">
     <span class='ocr_line' id='line_1_21' title="bbox 598 2602 894 2663; baseline 0.003 -2"><span class='ocrx_word' id='word_1_143' title='bbox 598 2602 894 2663; x_wconf 78' lang='lat' dir='ltr'><strong>ARGUMENTUM.</strong></span> 
     </span>
    </p>
   </div>
   <div class='ocr_carea' id='block_1_8' title="bbox 239 2714 1327 3547">
    <p class='ocr_par' dir='ltr' id='par_1_8' title="bbox 239 2714 1327 3547">
     <span class='ocr_line' id='line_1_22' title="bbox 312 2714 1238 2787; baseline 0.002 -18"><span class='ocrx_word' id='word_1_144' title='bbox 312 2715 373 2769; x_wconf 89' lang='grc' dir='ltr'>Ηοο</span> <span class='ocrx_word' id='word_1_145' title='bbox 390 2715 462 2768; x_wconf 89' lang='lat' dir='ltr'>libro</span> <span class='ocrx_word' id='word_1_146' title='bbox 478 2715 580 2785; x_wconf 83' lang='lat' dir='ltr'>Scipio,</span> <span class='ocrx_word' id='word_1_147' title='bbox 601 2734 663 2771; x_wconf 87' lang='lat' dir='ltr'>cum</span> <span class='ocrx_word' id='word_1_148' title='bbox 682 2718 719 2771; x_wconf 89' lang='lat' dir='ltr'>ad</span> <span class='ocrx_word' id='word_1_149' title='bbox 736 2734 821 2770; x_wconf 92' lang='lat' dir='ltr'>unum</span> <span class='ocrx_word' id='word_1_150' title='bbox 839 2716 995 2787; x_wconf 85' lang='lat' dir='ltr'>prinoipem</span> <span class='ocrx_word' id='word_1_151' title='bbox 1009 2714 1144 2771; x_wconf 84' lang='lat' dir='ltr'>summam</span> <span class='ocrx_word' id='word_1_152' title='bbox 1158 2717 1238 2773; x_wconf 87' lang='lat' dir='ltr'>totius</span> 
     </span>
     <span class='ocr_line' id='line_1_23' title="bbox 241 2784 1238 2909; baseline 0.006 -72"><span class='ocrx_word' id='word_1_153' title='bbox 241 2784 284 2909; x_wconf 57' lang='lat'>331</span> <span class='ocrx_word' id='word_1_154' title='bbox 301 2785 431 2865; x_wconf 77' lang='lat' dir='ltr'>publicae</span> <span class='ocrx_word' id='word_1_155' title='bbox 450 2786 722 2866; x_wconf 81' lang='lat' dir='ltr'>administrationem</span> <span class='ocrx_word' id='word_1_156' title='bbox 740 2804 773 2840; x_wconf 87' lang='lat' dir='ltr'>ae</span> <span class='ocrx_word' id='word_1_157' title='bbox 790 2788 1016 2869; x_wconf 82' lang='lat' dir='ltr'>procurationem</span> <span class='ocrx_word' id='word_1_158' title='bbox 1034 2787 1137 2867; x_wconf 68' lang='lat' dir='ltr'>deferri</span> <span class='ocrx_word' id='word_1_159' title='bbox 1151 2790 1238 2869; x_wconf 81' lang='lat' dir='ltr'>vellet,</span> 
     </span>
     <span class='ocr_line' id='line_1_24' title="bbox 240 2857 1327 3009; baseline 0.004 -30"><span class='ocrx_word' id='word_1_160' title='bbox 240 2857 897 3009; x_wconf 49' lang='lat' dir='ltr'>lsrllmlthldfflulllllbslll&#39;ellllfb&#39;}</span> <span class='ocrx_word' id='word_1_161' title='bbox 915 2860 1239 3009; x_wconf 49' lang='lat' dir='ltr'>{ostentasset</span> <span class='ocrx_word' id='word_1_162' title='bbox 1324 2952 1327 2990; x_wconf 76' lang='grc'>,</span> 
     </span>
     <span class='ocr_line' id='line_1_25' title="bbox 242 2997 1238 3069; baseline 0 -16"><span class='ocrx_word' id='word_1_163' title='bbox 242 2997 379 3067; x_wconf 80' lang='lat' dir='ltr'>gerendae</span> <span class='ocrx_word' id='word_1_164' title='bbox 399 3000 525 3065; x_wconf 77' lang='lat' dir='ltr'>serentis,</span> <span class='ocrx_word' id='word_1_165' title='bbox 545 2999 578 3052; x_wconf 88' lang='lat' dir='ltr'>de</span> <span class='ocrx_word' id='word_1_166' title='bbox 597 3015 715 3067; x_wconf 78' lang='lat' dir='ltr'>impeno</span> <span class='ocrx_word' id='word_1_167' title='bbox 734 3016 834 3051; x_wconf 88' lang='lat' dir='ltr'>summ1</span> <span class='ocrx_word' id='word_1_168' title='bbox 851 3000 1032 3068; x_wconf 66' lang='lat' dir='ltr'><strong>magistratus</strong></span> <span class='ocrx_word' id='word_1_169' title='bbox 1046 3001 1238 3069; x_wconf 84' lang='lat' dir='ltr'>sap1enterde-</span> 
     </span>
     <span class='ocr_line' id='line_1_26' title="bbox 241 3068 1237 3139; baseline 0.002 -17"><span class='ocrx_word' id='word_1_170' title='bbox 241 3068 372 3137; x_wconf 81' lang='lat' dir='ltr'>finiendo,</span> <span class='ocrx_word' id='word_1_171' title='bbox 392 3068 426 3123; x_wconf 85' lang='lat' dir='ltr'>de</span> <span class='ocrx_word' id='word_1_172' title='bbox 446 3069 601 3123; x_wconf 84' lang='lat' dir='ltr'>officiorum</span> <span class='ocrx_word' id='word_1_173' title='bbox 618 3068 774 3122; x_wconf 83' lang='lat' dir='ltr'>rationibus</span> <span class='ocrx_word' id='word_1_174' title='bbox 789 3070 926 3139; x_wconf 77' lang='lat' dir='ltr'>exposuit.</span> <span class='ocrx_word' id='word_1_175' title='bbox 954 3071 999 3123; x_wconf 90' lang='lat' dir='ltr'>Ad</span> <span class='ocrx_word' id='word_1_176' title='bbox 1012 3071 1087 3123; x_wconf 85' lang='lat' dir='ltr'>hunc</span> <span class='ocrx_word' id='word_1_177' title='bbox 1102 3068 1136 3122; x_wconf 87' lang='lat' dir='ltr'>de</span> <span class='ocrx_word' id='word_1_178' title='bbox 1150 3070 1237 3124; x_wconf 89' lang='lat' dir='ltr'>ineun-</span> 
     </span>
     <span class='ocr_line' id='line_1_27' title="bbox 242 3138 1238 3203; baseline 0.002 -10"><span class='ocrx_word' id='word_1_179' title='bbox 242 3139 285 3193; x_wconf 85' lang='lat' dir='ltr'>dis</span> <span class='ocrx_word' id='word_1_180' title='bbox 309 3140 484 3195; x_wconf 86' lang='lat' dir='ltr'>oautionibus</span> <span class='ocrx_word' id='word_1_181' title='bbox 506 3140 599 3194; x_wconf 82' lang='lat' dir='ltr'>locum</span> <span class='ocrx_word' id='word_1_182' title='bbox 617 3139 707 3193; x_wconf 86' lang='lat' dir='ltr'>Maius</span> <span class='ocrx_word' id='word_1_183' title='bbox 730 3141 806 3193; x_wconf 86' lang='lat' dir='ltr'>recte</span> <span class='ocrx_word' id='word_1_184' title='bbox 829 3139 931 3195; x_wconf 86' lang='lat' dir='ltr'>referre</span> <span class='ocrx_word' id='word_1_185' title='bbox 950 3140 1062 3195; x_wconf 85' lang='lat' dir='ltr'>videtur</span> <span class='ocrx_word' id='word_1_186' title='bbox 1080 3138 1238 3203; x_wconf 77' lang='lat' dir='ltr'>Quintiliani</span> 
     </span>
     <span class='ocr_line' id='line_1_28' title="bbox 241 3209 1237 3266; baseline 0 -3"><span class='ocrx_word' id='word_1_187' title='bbox 241 3210 473 3266; x_wconf 75' lang='lat' dir='ltr'>declamationem</span> <span class='ocrx_word' id='word_1_188' title='bbox 497 3210 654 3265; x_wconf 81' lang='lat' dir='ltr'>CCLXVIH</span> <span class='ocrx_word' id='word_1_189' title='bbox 683 3212 782 3264; x_wconf 86' lang='lat' dir='ltr'>eontra</span> <span class='ocrx_word' id='word_1_190' title='bbox 809 3211 1016 3265; x_wconf 85' lang='lat' dir='ltr'>contionatores</span> <span class='ocrx_word' id='word_1_191' title='bbox 1039 3209 1187 3266; x_wconf 87' lang='lat' dir='ltr'>seditiosos</span> <span class='ocrx_word' id='word_1_192' title='bbox 1209 3228 1237 3265; x_wconf 82' lang='lat' dir='ltr'>ex</span> 
     </span>
     <span class='ocr_line' id='line_1_29' title="bbox 239 3280 1237 3352; baseline 0.002 -19"><span class='ocrx_word' id='word_1_193' title='bbox 239 3280 294 3334; x_wconf 83' lang='lat' dir='ltr'>hoc</span> <span class='ocrx_word' id='word_1_194' title='bbox 314 3280 453 3335; x_wconf 83' lang='lat' dir='ltr'>Ciceronis</span> <span class='ocrx_word' id='word_1_195' title='bbox 472 3281 544 3334; x_wconf 89' lang='lat' dir='ltr'>libro</span> <span class='ocrx_word' id='word_1_196' title='bbox 563 3280 721 3351; x_wconf 85' lang='lat' dir='ltr'>repetitam.</span> <span class='ocrx_word' id='word_1_197' title='bbox 758 3280 822 3350; x_wconf 88' lang='lat' dir='ltr'>lpse</span> <span class='ocrx_word' id='word_1_198' title='bbox 841 3281 954 3350; x_wconf 88' lang='lat' dir='ltr'>quidem</span> <span class='ocrx_word' id='word_1_199' title='bbox 972 3280 1094 3346; x_wconf 83' lang='lat' dir='ltr'>Tullius,</span> <span class='ocrx_word' id='word_1_200' title='bbox 1113 3282 1237 3352; x_wconf 86' lang='lat' dir='ltr'>utsupra</span> 
     </span>
     <span class='ocr_line' id='line_1_30' title="bbox 239 3350 1236 3421; baseline 0.002 -18"><span class='ocrx_word' id='word_1_201' title='bbox 239 3350 270 3403; x_wconf 91' lang='lat' dir='ltr'>in</span> <span class='ocrx_word' id='word_1_202' title='bbox 298 3352 487 3405; x_wconf 88' lang='lat' dir='ltr'>adumbrando</span> <span class='ocrx_word' id='word_1_203' title='bbox 512 3350 635 3405; x_wconf 81' lang='lat' dir='ltr'>civitatis</span> <span class='ocrx_word' id='word_1_204' title='bbox 658 3352 843 3421; x_wconf 84' lang='lat' dir='ltr'>gubernatore</span> <span class='ocrx_word' id='word_1_205' title='bbox 866 3351 1016 3405; x_wconf 85' lang='lat' dir='ltr'>Politieum</span> <span class='ocrx_word' id='word_1_206' title='bbox 1038 3351 1177 3419; x_wconf 83' lang='lat' dir='ltr'>Platonis,</span> <span class='ocrx_word' id='word_1_207' title='bbox 1202 3352 1236 3405; x_wconf 85' lang='lat' dir='ltr'>sio</span> 
     </span>
     <span class='ocr_line' id='line_1_31' title="bbox 240 3420 1235 3493; baseline 0.003 -19"><span class='ocrx_word' id='word_1_208' title='bbox 240 3420 366 3475; x_wconf 87' lang='lat' dir='ltr'>eiusdem</span> <span class='ocrx_word' id='word_1_209' title='bbox 384 3421 486 3474; x_wconf 89' lang='lat' dir='ltr'>librum</span> <span class='ocrx_word' id='word_1_210' title='bbox 505 3421 539 3475; x_wconf 90' lang='lat' dir='ltr'>de</span> <span class='ocrx_word' id='word_1_211' title='bbox 554 3421 676 3491; x_wconf 86' lang='lat' dir='ltr'>Legibus</span> <span class='ocrx_word' id='word_1_212' title='bbox 694 3421 872 3475; x_wconf 85' lang='lat' dir='ltr'>undecimum</span> <span class='ocrx_word' id='word_1_213' title='bbox 889 3422 919 3475; x_wconf 92' lang='lat' dir='ltr'>in</span> <span class='ocrx_word' id='word_1_214' title='bbox 933 3421 1131 3491; x_wconf 81' lang='lat' dir='ltr'>impugnandis</span> <span class='ocrx_word' id='word_1_215' title='bbox 1144 3422 1235 3493; x_wconf 86' lang='lat' dir='ltr'>impor-</span> 
     </span>
     <span class='ocr_line' id='line_1_32' title="bbox 239 3490 1026 3547; baseline 0.003 -2"><span class='ocrx_word' id='word_1_216' title='bbox 239 3490 316 3545; x_wconf 86' lang='lat' dir='ltr'>tunis</span> <span class='ocrx_word' id='word_1_217' title='bbox 335 3490 392 3544; x_wconf 85' lang='lat' dir='ltr'>illis</span> <span class='ocrx_word' id='word_1_218' title='bbox 412 3491 568 3545; x_wconf 84' lang='lat' dir='ltr'>oratoribus</span> <span class='ocrx_word' id='word_1_219' title='bbox 588 3494 623 3546; x_wconf 92' lang='lat' dir='ltr'>ob</span> <span class='ocrx_word' id='word_1_220' title='bbox 643 3493 739 3546; x_wconf 85' lang='lat' dir='ltr'>oculos</span> <span class='ocrx_word' id='word_1_221' title='bbox 757 3491 888 3545; x_wconf 85' lang='lat' dir='ltr'>habuisse</span> <span class='ocrx_word' id='word_1_222' title='bbox 907 3492 1026 3547; x_wconf 87' lang='lat' dir='ltr'>videtur.</span> 
     </span>
    </p>
   </div>
   <div class='ocr_carea' id='block_1_9' title="bbox 635 3618 846 3627">
    <p class='ocr_par' dir='ltr' id='par_1_9' title="bbox 635 3618 846 3627">
     <span class='ocr_line' id='line_1_33' title="bbox 635 3618 846 3627; baseline -0.005 0"><span class='ocrx_word' id='word_1_223' title='bbox 635 3618 846 3627; x_wconf 77' lang='grc'>-.-.---.-</span> 
     </span>
    </p>
   </div>
   <div class='ocr_carea' id='block_1_10' title="bbox 0 0 1342 4209">
    <p class='ocr_par' dir='ltr' id='par_1_10' title="bbox 0 0 1342 4209">
     <span class='ocr_line' id='line_1_34' title="bbox 0 0 1342 4209; baseline 0 0"><span class='ocrx_word' id='word_1_224' title='bbox 0 0 1342 4209; x_wconf 95' lang='lat' dir='ltr'> </span> 
     </span>
    </p>
   </div>
  </div>
 </body>
</html>
