2675 4209
236 265 303 330 310
595 265 644 319 DE
662 266 711 320 RE
728 267 884 322 Pnunrcn

235 409 325 493 muli,
347 413 419 475 tum
442 411 541 475 etiam
561 409 761 495 reliquorum
779 430 894 496 regum
912 411 1073 494 sapientia
1091 412 1257 477 delinitus

236 519 275 562 ex
298 498 386 562 omni
403 501 497 582 parte
516 497 624 562 arduis
643 498 890 583 praeruptisque
909 500 1083 584 montibus,
1105 504 1143 563 at
1159 522 1255 567 unus

236 585 352 668 aditus,
371 586 426 668 qui
444 590 530 649 esset
547 586 633 650 inter
651 585 857 670 Esquilinum
871 584 1134 672 Quirinalemque
1152 609 1253 653 mon·

235 676 316 758 tem,
343 674 485 738 maximo
513 694 633 759 aggere
660 674 787 739 obiecto
809 674 900 739 fossa
922 674 1103 759 cingeretur
1125 676 1252 740 vastis·

236 762 334 845 sima,
362 765 459 844 atque
486 764 523 825 ut
550 761 598 825 ita
625 762 752 826 munita
774 784 832 825 arx
855 763 1061 827 circumiectu
1084 763 1188 828 arduo
1213 769 1251 829 et
1279 781 1301 819 ⁵

235 877 264 928 p.
282 852 347 930 261]
371 846 474 935 (12ψὶ
500 848 689 914 circumciso
717 871 795 914 saxo
822 850 994 933 niteretur,
1020 854 1059 914 ut
1085 850 1187 915 etiam
1210 852 1250 916 in

235 937 295 1001 illa
325 939 521 1019 tempestate
548 936 700 1001 horribili
732 935 849 1001 Gallici
881 937 1038 1002 adventus
1068 938 1247 1003 incolumis

236 1028 334 1107 atque
355 1024 480 1088 intacta
501 1025 724 1107 permanserit
764 1023 949 1109 Locumque
972 1025 1094 1111 delegit
1117 1030 1150 1090 et
1172 1026 1246 1091 fon·

235 1112 323 1176 tibus
354 1112 572 1176 abundantem
599 1116 632 1175 et
659 1112 694 1175 in
720 1112 852 1198 regione
875 1112 1041 1197 pestilenti
1064 1114 1245 1198 salubrem3

236 1199 335 1264 colles
359 1200 444 1264 enim
467 1203 556 1281 sunt,
584 1199 640 1282 qui
662 1221 735 1264 cum
757 1200 936 1284 perflantur
957 1200 1035 1285 ipsi,
1060 1204 1132 1265 turn
1154 1202 1244 1267 adfe-
1260 1222 1296 1261 ro

236 1291 313 1351 runt
334 1288 484 1352 umbram
506 1288 656 1352 vallibus.

198 1370 217 1434 7
303 1376 411 1460 Atque
437 1376 518 1441 haec
544 1376 674 1459 quidem
699 1375 907 1461 perceleriter
928 1375 1080 1459 confecit,
1107 1382 1243 1442 namet

189 1446 217 1501 ¹²
236 1464 349 1529 urbem
377 1464 559 1547 constituit,
588 1486 686 1548 quam
709 1485 726 1528 e
751 1485 809 1529 suo
831 1464 962 1528 nomine
983 1464 1122 1528 Romam
1145 1465 1242 1529 iussit

236 1580 263 1631 p.
282 1555 347 1633 262]
374 1552 550 1636 nominari,
578 1555 612 1615 et
639 1552 680 1616 ad
701 1548 903 1637 firmanldam
928 1573 1048 1616 novam
1075 1552 1241 1617 civitatem

235 1662 356 1706 novum
379 1640 540 1723 quoddam
563 1642 597 1703 et
619 1640 810 1724 subagreste
833 1639 1012 1721 consilium,
1035 1640 1091 1704 sed
1113 1640 1155 1703 ad
1172 1662 1240 1705 mu·
1255 1659 1287 1700 ω

235 1728 369 1791 niendas
399 1748 477 1811 opes
506 1726 600 1812 regni
628 1748 664 1791 ac
691 1727 805 1810 populi
833 1727 884 1790 sui
910 1727 1022 1812 magni
1042 1727 1183 1792 hominis
1207 1733 1241 1793 et

236 1816 303 1881 iam
329 1819 400 1878 tum
426 1815 525 1899 longe
551 1814 751 1898 providentis
774 1817 902 1878 secutus
926 1818 985 1898 est,
1007 1837 1079 1879 cum
1102 1814 1239 1881 Sabinas

235 1903 373 1968 honesto
405 1905 494 1966 ortas
526 1901 599 1966 loco
625 1901 783 1986 virgines,
815 1923 897 1986 quae
924 1901 1063 1966 Romam
1091 1902 1238 1968 ludorum

238 1991 345 2076 gratia
371 1990 548 2072 venissent,
576 2010 656 2074 quos
684 1993 755 2054 tum
782 1989 922 2074 primum
946 1990 1182 2055 anniversarios
1204 1992 1239 2055 in

237 2079 321 2143 circo
347 2077 453 2142 facere
480 2077 690 2160 instituisset,
718 2076 933 2142 Consualibus
961 2078 1033 2162 rapi
1054 2078 1150 2143 iussit
1172 2101 1238 2143 eas·
1251 2099 1283 2140 ro

236 2194 264 2245 p.
275 2167 340 2247 271]
355 2187 417 2249 que
435 2165 471 2227 in
486 2164 686 2229 familiarum
704 2165 978 2249 amplissimarum
998 2165 1003 2247 Ι
1023 2166 1237 2232 matrimoniis

186 2274 218 2323 13
237 2254 417 2319 collocarit.
449 2251 519 2327 Qua
541 2274 580 2317 ex
603 2274 701 2317 causa
723 2275 796 2318 cum
813 2253 937 2316 bellum
955 2253 1110 2318 Romanis
1129 2251 1238 2319 Sabini

236 2342 424 2407 intulissent
450 2340 628 2425 proeliique
656 2344 820 2405 certamen
848 2341 974 2405 varium
1002 2344 1100 2424 atque
1123 2364 1236 2427 anceps

235 2430 363 2514 fuisset,
396 2452 467 2495 cum
495 2427 530 2493 Τ.
558 2428 667 2512 Tatio,
698 2450 775 2514 rege
802 2425 1009 2510 Sabinorum,
1038 2428 1151 2494 foedus
1181 2431 1236 2495 icit

236 2518 394 2583 matronis
416 2517 505 2601 ipsis,
528 2538 610 2600 qnae
632 2519 747 2600 raptae
765 2519 867 2599 erant,
889 2516 1071 2600 orantibus3
1094 2539 1157 2600 quo
1173 2518 1236 2583 foe
1249 2536 1279 2579 ss

237 2607 311 2671 dere
334 2609 367 2670 et
390 2604 527 2669 Sabinos
549 2604 584 2667 in
607 2604 773 2669 civitatem
795 2603 933 2668 adscivit
956 2604 1056 2669 sacris
1078 2607 1236 2671 conmuni-

237 2693 318 2758 catis
342 2696 375 2756 et
397 2712 533 2775 regnum
556 2712 650 2755 suum
674 2690 901 2755 camillorum
923 2712 1000 2777 rege
1023 2692 1166 2757 sociavit.

198 2768 218 2832 8
302 2779 383 2843 Post
400 2778 568 2842 interitum
589 2782 699 2843 autem
712 2777 800 2842 Tatii
818 2800 891 2843 enm
910 2779 951 2843 ad
969 2801 1042 2843 eum
1057 2780 1233 2847 dominatus

185 2845 219 2893 14
233 2896 263 2949 p.
275 2870 340 2948 222]
361 2865 465 2931 omnis
483 2866 677 2949 reccidisset,
696 2867 702 2950 Ι
723 2887 918 2950 quamquam
936 2888 1009 2932 cunr
1028 2867 1123 2933 Tatio
1140 2870 1233 2934 inre
1316 2889 1317 2930 l

237 2956 327 3042 gium
350 2954 519 3019 consilinm
538 2954 704 3038 delegerat
721 2954 882 3038 principes
901 2952 971 3039 (qui
990 2957 1145 3041 appellati
1163 2962 1233 3021 sunt
1246 2976 1272 3017 so

234 3047 370 3130 propter
387 3043 558 3107 caritatem
575 3038 723 3127 patres)
742 3043 962 3127 populumque
980 3046 1013 3106 et
1032 3064 1090 3108 suo
1105 3048 1138 3109 et
1152 3044 1233 3109 Tatii

235 3132 365 3198 nomine
395 3134 428 3196 et
455 3130 664 3213 Lucumonis,
694 3130 750 3214 qui
772 3130 904 3195 Romuli
931 3130 1036 3195 socius
1063 3132 1098 3195 in
1120 3129 1232 3198 Sabino
1303 3173 1316 3232 4

235 3220 361 3305 proelio
384 3218 553 3303 occiderat,
575 3218 610 3281 in
632 3218 737 3283 tribus
760 3218 822 3282 tria
844 3218 1013 3303 curiasque
1035 3219 1170 3304 triginta
1191 3222 1233 3285 di-

237 3307 411 3394 scripserat
439 3304 534 3391 (quas
562 3305 666 3371 curias
694 3327 806 3370 earum
827 3305 1012 3371 nominibus
1034 3310 1231 3393 nuncupavit,
1314 3293 1315 3376 l

236 3416 318 3480 quae
346 3415 385 3459 ex
408 3391 537 3458 Sabinis
563 3393 707 3479 virgines
734 3396 848 3477 raptae
875 3397 990 3476 postea
1015 3393 1144 3460 fuerant
1168 3415 1268 3461 ora-es

143 3544 147 3553 ,
234 3483 332 3546 trices
359 3482 448 3565 pacis
476 3484 509 3544 et
535 3479 689 3565 foederis)
711 3516 754 3527 -
778 3480 835 3544 sed
862 3502 1057 3566 quamquam
1085 3505 1124 3548 ea
1143 3484 1231 3550 Tatio

234 3596 262 3649 p.
282 3571 347 3649 237]
375 3568 422 3633 sic
446 3571 540 3632 erant
559 3570 565 3649 l
585 3567 740 3651 discripta
761 3568 850 3651 vivo,
877 3570 988 3632 tamen
1009 3590 1047 3634 eo
1069 3570 1230 3638 interfecto
