2675 4209
26 7 39 196 l

23 203 29 274 ‚⁶

335 264 407 322 InB‘.
426 270 447 323 1.
467 215 547 323 bns.
566 274 680 324 as-ss.
703 274 850 334 ssu-40.
1033 269 1098 334 289

18 299 25 450 i
102 409 162 475 uod
204 411 212 425 ‘
266 413 459 496 conveniat,
481 412 667 497 explicetur,
690 412 767 495 quid
790 412 971 477 declaretur
988 435 1026 478 eo
1044 436 1099 478 no

47 503 49 505 ’
79 498 173 581 mine3
198 500 295 583 qnod
323 500 356 564 si
377 501 571 584 convenerit,
593 504 664 564 tum
685 500 812 565 demum
831 500 956 565 decebit
973 501 1100 587 ingredi
1263 574 1268 583 ¹

77 584 109 648 in
129 607 348 672 sermonem,
369 610 545 672 numquam
569 589 663 671 enim,
687 589 955 673 quale-utillud,
978 589 1134 672 (lt-Q,

98 672 104 684 ’
236 676 243 689 ’
265 698 322 760 ur,
346 676 495 762 intellegi
515 676 648 760 poterit,
670 676 743 759 nisi,
766 676 844 760 quid
862 677 916 759 sit,
937 676 1036 740 fuerit
1054 678 1100 740 in·

49 760 249 827 otellectum
276 764 385 849 prius.
421 763 535 846 Quare,
559 764 712 848 quoniam
735 765 773 828 de
795 786 830 828 re
853 764 985 849 publico
1007 784 1101 848 quae·

71 848 185 932 rimus,
209 851 285 916 hoc
312 853 455 936 primum
472 852 648 934 rideamne,
672 852 747 934 quid
766 853 810 916 sit
827 852 861 915 id
878 852 995 936 ipsum,
1016 852 1101 935 quod

70 939 283 1017 quaerimus
314 940 318 1024 Ι
343 939 425 1005 Cum
452 940 699 1023 adprobavisset
725 940 870 1023 Laelius,
896 938 965 1004 Nec
988 942 1029 1020 [p.
1050 957 1100 1006 196

4 1036 12 1064 f
69 1045 158 1109 vero,
181 1026 311 1111 inquit
323 1026 506 1110 Africanus,
527 1028 576 1092 ita
598 1027 755 1092 disseram
773 1028 812 1091 de
830 1050 865 1091 re
883 1031 953 1091 tam
969 1029 1102 1093 inlustri

68 1114 212 1198 tamque
239 1118 338 1200 nota,
360 1119 398 1180 ut
421 1116 462 1179 ad
479 1115 538 1179 illa
557 1116 718 1180 elementa
736 1117 894 1201 revolvar,
917 1117 1034 1200 quibus
1051 1118 1102 1181 uti

32 1214 55 1252 1⁰
69 1199 162 1265 docti
194 1203 360 1268 homines
389 1203 442 1267 his
470 1203 506 1266 in
531 1203 628 1267 rebus
651 1204 771 1287 solent,
799 1208 838 1269 ut
861 1228 880 1269 a
901 1206 1008 1289 prima
1030 1227 1102 1270 con-
1180 1198 1208 1209 ’“

69 1290 260 1371 gressione
286 1291 386 1355 maris
410 1295 443 1355 et
464 1290 617 1376 feminae,
641 1290 755 1356 deinde
777 1314 798 1356 a
818 1293 974 1378 progenie
996 1296 1030 1356 et
1052 1315 1103 1357 co·

70 1378 246 1459 gnatione
284 1379 392 1444 ordiar
423 1379 608 1463 verbisque,
641 1378 719 1461 quid
750 1380 794 1443 sit
826 1383 859 1443 et
891 1383 971 1462 quot
997 1380 1101 1443 modis

70 1464 229 1549 quidque
248 1466 386 1551 dicatur,
404 1466 555 1531 definiam
569 1467 713 1550 saepius,
731 1467 816 1551 apud
829 1467 1002 1550 prudentes
1016 1467 1102 1530 enim

69 1548 242 1619 homines
269 1558 302 1619 ct
324 1555 360 1619 in
381 1554 522 1619 maxima
544 1576 579 1619 re
601 1554 733 1639 publica
754 1552 985 1638 Qffl
1009 1554 1049 1633 [p.
1068 1571 1101 1619 or

33 1651 57 1691 ¹⁵
73 1640 195 1724 gloria
225 1642 313 1707 belli
339 1642 426 1707 domi
448 1665 488 1707 ue
510 1646 657 1708 versatos
681 1663 754 1707 oum
776 1642 906 1725 loquar,
932 1662 998 1705 non
1019 1663 1103 1706 com-

72 1728 235 1815 mittam,
254 1735 373 1795 utnon
391 1730 435 1795 sit
447 1712 494 1795 Β
496 1730 617 1796 ustrior
629 1730 691 1795 illa
701 1730 775 1815 ipsa
788 1751 849 1813 ree,
867 1728 905 1793 de
920 1752 984 1813 qua
998 1729 1103 1815 dispu-

73 1817 160 1901 tem,
188 1842 295 1903 quam
318 1818 422 1883 oratio
441 1840 527 1903 mes,
549 1840 608 1884 nec
625 1818 712 1883 enim
730 1819 792 1883 hoo
809 1818 945 1903 suscepi,
967 1822 1005 1883 ut
1022 1822 1104 1883 tam·

1 1916 18 1991 J,
76 1925 189 1985 quam
211 1906 372 1991 magister
388 1928 598 1991 persequerer
616 1906 735 1990 omnia,
751 1929 856 1991 neque
872 1907 935 1971 hoe
948 1908 1104 1990 polliceor

77 2012 136 2056 me
168 1996 378 2078 effecturum,
405 1998 509 2059 utne
536 2017 600 2078 qus
629 1995 791 2079 particula
816 1995 851 2058 in
872 1994 934 2059 hoo
957 2016 1104 2059 sermone

2 2138 4 2159 ,
35 2092 64 2133 ²⁰
78 2083 328 2163 praetermissa
351 2083 403 2147 sit.
439 2082 522 2147 Tum
539 2082 683 2147 Laelius:
705 2083 778 2169 Ego
797 2104 873 2147 vero
891 2082 979 2146 istud
996 2082 1104 2167 ipsum

82 2188 200 2253 genus
226 2170 391 2254 orationis,
414 2170 500 2254 quod
522 2170 695 2255 polliceris,
718 2174 860 2256 expecto.

157 2258 228 2324 Est
244 2258 355 2344 igitur,
377 2258 483 2342 inquit
497 2258 680 2341 Africanus,
697 2281 749 2323 res
767 2259 899 2343 publica
918 2259 923 2339 l
942 2280 994 2322 res
1014 2260 1055 2339 [p.
1070 2275 1103 2323 62
1115 2232 1157 2357 232

84 2347 221 2432 populi,
234 2347 373 2432 populus
389 2350 498 2411 autem
513 2369 581 2412 non
596 2346 700 2411 omnis
716 2347 884 2411 hominum
902 2350 1012 2409 coetus
1029 2366 1105 2427 quo-

87 2454 160 2517 quo
186 2435 283 2499 modo
306 2438 536 2520 congregatus,
563 2434 619 2499 sed
642 2438 753 2499 coetus
779 2432 997 2497 multitudinis
1025 2432 1105 2495 iuris

45 2533 74 2575 ²⁵
89 2543 258 2589 consensu
272 2525 306 2586 et
318 2522 472 2586 utilitatis
486 2523 710 2587 communione
724 2522 874 2586 sociatus.
901 2518 981 2582 Eius
996 2523 1105 2583 autem
1125 2521 1184 2619 v*
1217 2568 1225 2592 ,
1324 2534 1331 2555 ·

90 2612 207 2694 prima
234 2631 331 2675 causa
358 2610 493 2674 co‘e'undi
519 2614 569 2674 est
596 2631 662 2675 non
688 2613 757 2673 tam
784 2607 980 2672 inbecillitas
1007 2628 1105 2691 quam
1155 2591 1196 2635 ‘⁶‘

57 2740 59 2748 ·
90 2699 260 2765 naturalis
289 2698 446 2781 quaedam
472 2698 641 2763 hominum
669 2697 762 2781 quasi
789 2695 1015 2782 congregatio,
1039 2717 1106 2761 non

97 2792 150 2853 est
174 2788 260 2851 enim
284 2786 448 2871 singulare
470 2806 529 2851 neo
552 2786 735 2869 solivagum
757 2806 859 2871 genus
881 2785 957 2868 hoo,
980 2784 1107 2849 sedita

94 2878 300 2961 generatum,
314 2877 351 2936 nt
364 2895 405 2937 ne
418 2873 453 2937 in
467 2873 610 2938 omnium
624 2874 754 2956 quidem
766 2895 874 2937 rerum
889 2872 1107 2938 affluentia...

345 3012 583 3091 [Desiderautur
597 3016 736 3097 popinae
756 3016 856 3095 datae]

4 3184 16 3205 c
51 3159 80 3202 ao
107 3137 268 3231 ¹²jtbu'd
287 3140 332 3202 est
351 3156 400 3201 res
415 3136 542 3218 polica
562 3138 626 3201 acsi
647 3157 696 3202 res
711 3138 844 3219 populi?
866 3156 915 3201 res
935 3156 1006 3217 erpo
1028 3155 1105 3200 com·
1123 3148 1159 3198 4ο

98 3228 206 3293 moenis
231 3244 280 3290 res
310 3225 414 3305 utique
440 3225 580 3289 civitotis.
622 3224 706 3303 Quid
725 3230 769 3289 est
790 3229 892 3289 autem
913 3224 1022 3287 civiles
1042 3224 1106 3287 nist

100 3315 264 3379 multitudo
289 3312 448 3377 bominum
474 3313 510 3377 io
535 3312 688 3393 quoddam
714 3312 871 3377 vinculum
890 3312 1017 3375 reducta
1037 3330 1106 3374 con·

102 3400 244 3470 cordiae?
275 3400 372 3481 Apud
392 3419 441 3465 eos
458 3399 610 3481 (auctores
626 3399 799 3484 Ronmoos)
816 3402 899 3465 enim
915 3400 963 3462 itu
981 3399 1106 3481 lepino:

102 3488 200 3554 Brevi
223 3487 397 3553 multitudo
421 3486 566 3571 dispersa
584 3491 682 3571 atque
699 3509 785 3574 vaga
803 3486 974 3553 concordia
991 3486 1106 3552 civitas

64 3597 91 3637 ss
102 3576 190 3643 facta
213 3580 292 3641 erat.
323 3576 532 3658 (Auuusliaus
548 3596 592 3658 ep.
610 3582 680 3643 138.
698 3581 740 3641 10
772 3577 808 3641 Τ.
825 3576 871 3639 ΙΙ
879 3596 913 3659 p.
930 3579 994 3640 414
1011 3574 1107 3657 Ben.)

155 3688 210 3733 010.
223 3690 265 3732 1v.
280 3689 299 3729 2.
859 3684 892 3731 19
