2675 4209
246 282 312 347 330
601 282 650 337 DE
668 282 718 337 RE
735 280 892 337 Poenos

193 405 1295 532 ffiwfflmfflme

245 515 353 599 illum,
380 536 477 599 quem
500 515 725 599 expectabam,
751 513 857 579 virum
879 514 932 579 cui
953 514 1126 599 praeficias
1154 516 1290 583 officio

246 607 279 667 et
302 604 436 667 muneri.
476 602 562 667 Huic
585 602 723 686 scilicet,
744 602 933 686 Africanus,
958 602 1016 665 uni
1037 624 1145 687 paene
1173 602 1288 688 (nam

245 691 280 755 in
301 692 364 756 hoc
385 691 453 756 fere
472 712 537 755 nno
560 694 636 754 sunt
658 689 795 776 cetera),
822 694 860 754 ut
880 712 1058 773 numquam
1081 712 1101 753 a
1124 711 1168 754 se
1192 693 1284 776 ipso

245 779 402 843 intuendo
433 777 747 863 contemplandoque
775 778 933 861 discedat,
965 780 1003 841 ut
1030 777 1072 841 ad
1097 778 1282 845 imitatio
1329 808 1338 817 ⁴

246 888 321 931 nem
345 867 395 931 sui
417 871 512 932 vocet
534 866 626 950 alios,
648 870 687 930 ut
709 888 780 930 sese
802 866 974 950 splendore
996 865 1097 929 animi
1115 870 1154 929 et
1173 868 1281 933 vitae

247 975 324 1019 suae
356 955 440 1019 sicut
472 954 637 1039 speculum
668 955 824 1039 praebeat
855 953 988 1018 civibus.
1033 952 1081 1017 Ut
1107 955 1203 1019 enim
1237 958 1280 1020 in

246 1070 274 1122 p.
293 1044 341 1123 eo]
369 1042 486 1106 fidibus
516 1045 572 1106 aut
597 1040 602 1125 Ι
625 1041 718 1105 tibiis
745 1045 843 1125 atque
870 1045 908 1105 ut
933 1042 970 1105 in
995 1044 1094 1105 cantu
1116 1041 1196 1125 ipso
1231 1068 1279 1109 ac

246 1130 379 1195 vocibus
407 1134 581 1195 concentus
608 1134 658 1194 est
685 1129 814 1213 quidam
843 1129 1000 1193 tenendus
1027 1151 1068 1193 ex
1090 1128 1277 1197 distinctis

247 1218 349 1303 sonis,
377 1240 472 1302 quem
499 1218 697 1282 inmutatum
724 1221 781 1281 aut
808 1217 1045 1302 discrepantem
1068 1239 1165 1281 aures
1191 1240 1276 1285 eru-
1291 1240 1328 1280 so

247 1306 333 1372 ditae
355 1306 438 1371 ferre
460 1327 527 1371 non
548 1309 697 1390 possunt,
719 1305 812 1389 isque
830 1308 1003 1370 concentus
1022 1327 1061 1369 ex
1079 1305 1275 1371 dissimilli-

246 1416 374 1460 marum
396 1416 511 1459 vocum
534 1393 756 1458 moderatione
779 1414 913 1458 concors
935 1397 1044 1457 tamen
1064 1393 1209 1459 efficitur
1232 1402 1274 1461 et

247 1504 440 1569 congruens,
468 1483 514 1548 sic
541 1502 579 1546 ex
607 1481 742 1546 summis
765 1486 799 1545 et
820 1481 940 1545 infimis
963 1485 997 1545 et
1019 1481 1133 1546 mediis
1155 1482 1272 1547 inter-

246 1572 338 1636 iectis
358 1570 524 1635 ordinibus
542 1575 581 1634 ut
599 1570 688 1635 sonis
706 1568 875 1635 moderata
891 1569 1019 1633 ratione
1037 1569 1153 1633 civitas
1173 1573 1271 1659 conl·

247 1680 343 1723 sensu
371 1658 663 1722 dissimillimorum
690 1658 843 1740 concinit,
871 1661 904 1721 et
931 1678 1014 1741 quae
1039 1658 1215 1723 harmonia
1243 1682 1269 1725 a
1283 1678 1309 1719 ιε

247 1747 379 1810 musicis
402 1745 520 1809 dicitur
540 1744 576 1810 in
599 1750 706 1829 cantu,
728 1768 767 1809 ea
789 1745 896 1809 estin
918 1746 1052 1810 civitate
1074 1748 1267 1833 concordia,

248 1833 448 1898 artissimum
471 1836 568 1916 atque
591 1834 751 1916 optimum
775 1834 864 1898 omni
884 1833 920 1897 in
941 1834 1127 1918 republica
1144 1834 1267 1900 rincu-

247 1921 316 1985 lum
337 1920 581 2003 incolumitatis
604 1942 704 2003 eaque
728 1922 797 1985 sine
814 1921 942 1986 iustitia
958 1922 1051 1986 nullo
1068 1925 1165 2007 pacto
1184 1944 1265 1988 esse

248 2011 367 2094 potest.
403 2010 547 2091 (Aupust.
570 2008 606 2073 de
627 2010 682 2074 cio.
704 2010 753 2074 dci
774 2009 906 2093 1121.)
1308 2080 1318 2104 r

193 2107 238 2173 43
313 2099 363 2162 Ac
384 2098 490 2162 duodo
511 2118 580 2162 cum
602 2098 762 2179 aliquanto
785 2098 880 2162 tutius
901 2103 931 2162 et
950 2098 1074 2163 udaius
1094 2100 1262 2166 dissonis-
1284 2128 1303 2152 1·

246 2190 291 2251 set
311 2184 454 2268 (Scipio),
475 2192 627 2268 quantum
643 2187 801 2267 prodesset
815 2187 937 2250 iustitio
954 2187 1074 2251 aurati·
1090 2193 1261 2270 pontem-
1337 2216 1338 2221 ¹

246 2295 304 2357 pue
326 2274 446 2351 obesset,
468 2275 499 2338 si
519 2274 655 2354 afuisset,
677 2275 809 2355 suscepit
829 2275 937 2339 dendo
958 2274 1081 2353 Philus,
1102 2296 1185 2341 uuus
1208 2298 1261 2342 eo-

246 2384 332 2442 rum,
353 2364 408 2446 qui
430 2363 633 2445 disputationi
654 2364 793 2440 odeum,
816 2368 847 2426 et
861 2363 1011 2445 poposcit,
1033 2368 1070 2427 ut
1089 2362 1164 2429 hoec
1184 2366 1260 2446 ipsu

246 2454 382 2534 quaestio
404 2452 582 2533 dilipcutius
603 2455 787 2515 tractaretur
807 2470 846 2514 oc
866 2451 903 2515 de
923 2452 1046 2515 iustitio
1061 2452 1161 2533 pluro
1177 2454 1259 2518 dice-

246 2545 357 2603 rentur
373 2545 498 2621 proptcr
519 2538 606 2615 illud,
628 2539 711 2621 quod
731 2539 797 2602 ium
818 2538 907 2621 culpo
927 2538 1090 2618 ferebatur,
1111 2560 1179 2605 reru
1193 2562 1258 2624 pu·
1272 2557 1297 2598 2⁵

247 2628 358 2692 blicam
377 2629 444 2707 peri
465 2628 532 2691 stuc
554 2627 674 2690 iniuria
695 2646 759 2692 uon
774 2646 872 2708 posse.
908 2627 1054 2709 (Aupust.
1078 2628 1098 2692 l.
1121 2628 1158 2712 t.)

193 2696 274 2822 ξὸῙρ.
293 2716 324 2793 9]
398 2712 611 2798 ...plenam
635 2735 706 2777 esse
732 2713 886 2778 iustitiae.
930 2714 1014 2779 Tum
1039 2712 1161 2800 Scipio:
1190 2716 1259 2782 Ad·

247 2800 370 2864 sentior
391 2821 469 2864 vero
491 2801 705 2885 renuntioque
727 2802 821 2866 vobis
840 2802 923 2866 nihil
942 2824 1022 2887 esse,
1045 2804 1132 2886 quod
1151 2805 1258 2871 adhuc

247 2889 285 2952 de
307 2908 343 2951 re
365 2888 494 2972 publica
517 2888 637 2953 dictum
659 2892 810 2973 putemus
834 2893 891 2954 aut
914 2912 977 2974 quo
999 2892 1164 2976 possimus
1186 2894 1258 2957 lon·

247 2976 319 3063 gius
342 2977 504 3062 progredi,
526 2975 590 3040 nisi
608 2977 671 3041 erit
690 2978 915 3043 confirmatum
933 2999 1002 3044 non
1018 2979 1115 3043 modo
1133 2979 1256 3046 falsum
1270 2999 1296 3039 eo

245 3066 327 3130 illud
349 3087 429 3149 esse,
452 3066 520 3129 sinc
543 3063 662 3129 iniuria
684 3087 751 3130 non
767 3088 872 3151 posse,
895 3066 951 3130 sed
968 3067 1031 3132 hoc
1048 3067 1257 3133 verissimum

246 3177 329 3239 csse,
359 3153 428 3219 sinc
458 3175 585 3218 summa
613 3153 742 3219 iustitia
771 3176 840 3218 rem
868 3154 1034 3237 publicam
1063 3155 1135 3241 geri
1162 3158 1256 3222 nullo

244 3272 272 3322 p.
293 3246 340 3323 10]
364 3242 459 3307 modo
477 3263 582 3327 posse.
619 3240 691 3326 Sed,
714 3242 743 3306 si
760 3244 877 3327 placet,
897 3240 902 3325 Ι
921 3242 957 3305 in
973 3243 1059 3308 hunc
1077 3242 1162 3307 diem
1181 3244 1257 3310 hac

244 3335 355 3414 tenus3
382 3330 509 3413 reliqua
537 3327 632 3415 (sotis
660 3332 747 3395 enim
774 3331 879 3394 multa
901 3328 1042 3416 restant)
1066 3330 1255 3398 differamus

244 3418 280 3482 in
302 3418 487 3483 crastinum.
524 3416 606 3483 Cum
628 3417 677 3482 ita
699 3418 889 3502 placuisset,
911 3417 986 3482 finis
1009 3418 1198 3505 disputandi
1220 3421 1290 3486 inu

246 3526 318 3570 eum
341 3506 426 3571 diem
448 3505 554 3571 factus
578 3509 637 3570 est.
1334 3507 1335 3524 ³

641 3629 853 3639 ιιι-...-
