2675 4209
446 264 583 319 Lm.
620 265 714 318 VI.
755 264 906 322 oAP.
946 273 1032 321 26.
1070 273 1100 333 ς
1137 273 1222 338 28,
1259 274 1347 335 29,
1383 265 1849 323 FRAGMENTA.
2021 268 2151 333 379

140 410 362 474 laudat
403 410 475 473 in
507 430 703 491 puero
736 409 1134 494 (Veryilius),
1177 412 1327 493 quia
1358 411 1530 491 facta
1564 432 1691 475 non
1725 412 1973 476 invenit.
2034 412 2158 477 Est

136 504 347 562 autem
392 496 699 562 Oiceronis
743 499 812 561 in
855 500 1126 581 dialoyo:
1180 499 1406 583 Fanni,
1454 520 1648 563 causa
1692 499 1973 564 difficili·
2021 499 2155 563 lau-

137 587 296 649 dare
344 607 644 668 puerum3
687 607 821 650 non
866 587 1038 650 enim
1082 608 1186 651 res
1232 587 1572 671 laudanda,
1619 587 1732 651 sed
1778 609 1925 672 spes
1974 591 2090 651 est.

275 673 336 736 6.
390 674 674 737 Lactant.
727 675 866 738 inst.
921 676 1039 739 div.
1084 675 1130 739 Ι
1179 681 1280 741 18.
1323 681 1405 740 11
1446 695 1571 757 sqq.
1634 676 1829 757 Apud
1868 676 2155 741 Ennium

82 778 106 818 5
129 764 226 827 sic
274 760 545 841 loquitur
588 760 965 840 Africanus:

230 846 312 912 Si
364 849 486 913 fas
534 849 724 913 endo
769 851 1046 935 plagas
1094 851 1516 916 caelestum
1554 852 1965 927 ascendere
2003 852 2155 917 eui-

1567 962 1662 1023 qu
1674 963 1787 1005 am
1835 944 1978 1023 est,

0 1034 7 1067 ¹
319 1023 424 1087 Mi
471 1025 623 1089 soli
668 1025 864 1089 caeli
909 1027 1238 1091 maxima
1281 1031 1510 1112 porta
1552 1032 1799 1112 patet,

130 1114 369 1179 scilicet
427 1114 578 1194 quia
637 1134 930 1196 maynam
970 1120 1217 1196 partem
1263 1117 1503 1197 ,ceneris
1554 1117 1817 1182 humani
1866 1118 2160 1182 exstinxit

131 1222 215 1265 ac
239 1202 531 1283 perdidit.
599 1200 650 1266 O
684 1203 932 1283 quantis
966 1204 1037 1266 in
1072 1204 1345 1282 tenebriS,
1389 1204 1709 1284 Africane,
1752 1210 2027 1269 versatus
2060 1204 2157 1269 es!

41 1309 101 1347 ιο
131 1290 235 1353 vel
240 1290 494 1376 potius
547 1310 582 1353 o
624 1295 834 1371 poe'ta,
888 1292 999 1371 qui
1041 1311 1158 1371 per
1202 1254 1407 1356 caedes
1452 1297 1510 1355 et
1549 1294 1913 1374 sanquinem
1946 1296 2159 1373 patere

1 1418 4 1450 r
131 1378 495 1441 hominibus
546 1378 616 1441 in
668 1379 924 1442 caelum
953 1397 1269 1442 ascensum
1303 1381 1658 1459 putaveris!
1730 1378 1851 1442 C'ui
1893 1380 2159 1442 vanitati
2205 1416 2211 1424 -

1 1457 4 1546 Ι
131 1467 333 1530 etiam
378 1463 582 1529 Cicero
627 1467 910 1529 adsensit.
982 1464 1106 1527 Est
1149 1486 1322 1546 vero,
1367 1466 1584 1545 inquit,
1628 1463 1961 1548 Africane3
2003 1486 2157 1528 nam

135 1556 212 1617 et
258 1551 527 1617 Herculi
573 1553 797 1617 eadem
841 1552 972 1615 ista
1015 1555 1209 1635 porta
1251 1551 1484 1634 patuit.

287 1641 344 1704 7.
406 1640 632 1705 Seneca
685 1641 854 1721 epist.
907 1643 1049 1703 108.
1102 1644 1190 1704 32
1234 1658 1319 1719 sq.
1383 1639 1649 1705 Eosdem
1702 1638 1889 1703 libros
1940 1640 2042 1721 (de
2092 1660 2161 1704 re

50 1749 101 1789 1⁵
125 1728 419 1811 publica)
474 1749 612 1793 cum
659 1728 1106 1809 yrammaticus
1158 1727 1471 1810 explicuit,
1512 1727 1815 1842 primum
1838 1728 2018 1791 verba
2060 1748 2158 1793 ex-

130 1836 360 1899 pressa
411 1837 638 1901 reapse
683 1817 807 1880 dici
849 1835 891 1878 a
935 1815 1238 1893 Cicerone,
1282 1816 1355 1879 id
1393 1820 1483 1880 est
1525 1814 1614 1879 re
1655 1814 1836 1896 ipsa'‚
1890 1817 1961 1880 in
2005 1836 2159 1881 com-

141 1906 522 1969 mentarium
582 1904 792 1983 refert,
853 1924 962 1968 nec
1021 1905 1231 1968 minus
1293 1924 1505 1987 sepse,
1567 1904 1639 1967 id
1696 1903 1857 1967 est
1868 1923 1931 1968 se
1981 1904 2159 1985 ipse'.

143 1992 392 2057 Deinde
445 1993 676 2056 transit
725 1992 812 2055 ad
860 2012 956 2070 ea,
1010 2012 1165 2072 quae
1207 1992 1568 2057 consuetudo
1611 1992 1841 2056 saeculi
1882 1994 2161 2071 mutavit,

147 2086 470 2161 tamquam
532 2081 628 2144 ait
680 2078 884 2144 Cicero
896 2100 918 2142 .·
985 2076 1302 2153 Quoniam
1368 2101 1589 2144 sumus
1648 2080 1731 2144 ab
1782 2079 1931 2164 ipsa
1988 2082 2161 2145 ealce

55 2188 115 2227 20
147 2168 290 2233 eius
326 2167 853 2251 interpellatione
889 2167 1192 2231 revocati.
1253 2167 1460 2244 Hanc,
1497 2188 1686 2249 quam
1718 2189 1884 2233 nunc
1910 2169 1982 2232 in
2006 2170 2162 2233 circo

149 2254 424 2321 ‘cretam'
468 2276 768 2333 vocamus,
815 2253 1077 2319 ‘calcem’
1114 2256 1359 2334 antiqui
1392 2257 1683 2319 dicebant.
1754 2255 1994 2319 Deinde
2027 2256 2160 2319 En-

143 2346 380 2409 nianos
439 2345 670 2426 colliqit
725 2360 933 2408 versus
993 2346 1052 2404 et
1111 2342 1182 2403 in
1231 2342 1464 2421 primis
1526 2342 1667 2405 illos
1727 2343 1802 2405 de
1855 2342 2163 2420 Africano

146 2434 276 2497 scri
319 2437 438 2495 tos:

265 2453 317 2513 p
954 2516 1075 2581 oui
1118 2537 1334 2580 nemo
1383 2514 1575 2579 civis
1619 2536 1866 2598 neque
1908 2514 2164 2579 hostis

58 2628 119 2668 25
245 2605 511 2681 Quivit
555 2628 692 2689 pro
735 2604 968 2670 saetis
1014 2603 1330 2668 reddere
1376 2625 1514 2688 par
1557 2602 1900 2688 pretium.

293 2696 352 2758 8.
415 2694 784 2775 Anonymus
845 2694 1182 2758 Paradoxa
1244 2693 1540 2757 Koronne
1610 2692 1781 2774 apud
1839 2691 2166 2759 Bielowsk.

157 2783 439 2862 Pompeii
487 2782 676 2863 Troyi
714 2781 941 2864 fraym.
975 2802 1042 2863 p.
1089 2781 1159 2845 X
1169 2781 1230 2846 V
1261 2801 1349 2863 sq.
1402 2781 1583 2847 Recte
1628 2780 1832 2847 Cicero
1876 2781 1948 2845 in
1995 2782 2169 2847 tibris

156 2873 231 2935 de
281 2888 349 2932 re
392 2870 642 2948 publica
693 2871 968 2951 scripsit:
1034 2868 1432 2954 Quicumque
1489 2870 1695 2954 epulis
1744 2873 1809 2933 et
1855 2870 2166 2935 conviviis

158 2962 226 3022 et
274 2956 640 3038 sumptibus
688 2957 1228 3022 existimationem
1266 2957 1602 3022 hominum
1640 2957 1768 3020 sibi
1803 2957 2166 3035 conciliant,

68 3067 128 3107 30
158 3046 382 3130 palam
439 3044 784 3108 ostendunt
838 3046 964 3109 sibi
1017 3066 1241 3107 verum
1297 3044 1489 3110 decus
1498 3091 1516 3125 ,
1576 3044 1748 3126 quod
1802 3064 1879 3105 ex
1923 3043 2166 3105 virtute

161 3156 237 3198 ao
283 3131 600 3217 dignitate
644 3134 951 3215 nascitur,
997 3130 1280 3195 deficere.

295 3222 352 3286 9.
411 3220 551 3286 Cod.
587 3242 893 3285 manuscr.
929 3240 992 3283 n.
1028 3222 1157 3283 458
1179 3239 1246 3299 p.
1277 3221 1367 3282 82
1403 3215 1666 3279 biblioth.
1706 3214 2165 3279 Ossolinianae:

162 3307 367 3374 Cicero
419 3310 491 3372 de
541 3329 610 3373 re
640 3310 926 3391 publica:
983 3306 1213 3371 leniter
1261 3308 1456 3387 atque
1500 3302 1751 3387 placide
1796 3301 1982 3385 fides,
2034 3318 2167 3362 non

160 3397 226 3463 vi
272 3400 338 3461 et
383 3395 648 3484 impetu,
693 3396 949 3463 concuti
994 3395 1253 3459 debere.
1283 3442 1299 3458 .
1326 3441 1344 3458 .
