2675 4209
219 299 284 364 346
574 298 622 353 Da
640 297 689 352 RE
706 296 862 352 PUBLIOA

219 440 284 508 Cur
301 442 403 528 igitur
421 442 498 507 deus
516 441 650 525 homini,
673 442 800 506 animus
818 442 959 526 imperat
977 440 1119 525 corpori,
1142 443 1266 509 ratio

218 532 345 596 libidini
363 532 541 614 ceterisque
559 529 687 594 vitiosis
706 530 807 594 enimi
819 531 992 615 partibus?
1015 530 1267 613 (Auqmtinue

218 621 254 684 de
275 622 330 685 civ.
352 621 401 683 dei
423 619 514 682 XIX
533 619 602 700 21.)

166 683 209 810 ξξ)
284 708 373 772 neae
398 707 613 785 manifestiora
638 726 717 788 qaae
743 708 827 771 caat
847 706 1003 790 (Tullia)
1030 707 1067 770 a
1090 706 1182 771 earo
1215 710 1267 772 ee

217 817 250 860 re
273 796 399 877 peeblieo
428 796 528 872 tertio,
557 814 627 858 cum
653 800 755 876 operel
775 796 812 859 de
833 814 928 859 eausa
951 795 1147 876 imperandi:
1185 794 1298 859 Ans

217 905 296 967 non,
324 884 438 963 inqiut,
468 882 626 946 cernimus
657 882 782 966 optimo
810 882 925 965 cuique
952 881 1161 945 dominatum
1201 884 1262 947 ab
1336 897 1337 970 ᾗ

217 971 290 1054 ipsa
311 974 429 1034 natura
451 991 524 1033 oum
548 990 675 1033 summa
696 970 842 1033 utilitate
863 969 1068 1033 infirmorum
1092 970 1261 1035 datum?
1336 987 1337 1000 ¹

219 1056 284 1121 Cur
301 1058 403 1142 igitur
422 1058 500 1121 deus
518 1056 651 1139 homini,
676 1058 803 1121 animus
821 1057 961 1140 imperat
979 1057 1119 1141 corpori,
1142 1059 1258 1122 ratio

218 1233 389 1317 partibus?
422 1234 533 1297 Adbuc
554 1234 646 1309 ouda·
662 1234 761 1315 poulo
778 1238 851 1314 post
867 1235 965 1296 caim:
989 1230 1106 1296 Sedet
1129 1233 1257 1319 impe·
1274 1255 1307 1293 ιο

218 1322 312 1385 randi
334 1325 367 1385 et
391 1320 559 1403 serviendi,
581 1323 691 1401 inquit,
715 1324 792 1383 sunt
810 1320 1092 1384 dissimilitudines
1111 1342 1256 1405 cogno·

219 1410 361 1473 scendac.
405 1407 491 1471 Nam
522 1412 559 1472 ut
591 1408 718 1472 animus
750 1408 878 1491 corpori
910 1408 1028 1472 dicitur
1056 1408 1253 1492 imperare,

219 1498 335 1562 dicitur
358 1497 457 1561 etiam
480 1496 621 1578 libidini,
644 1496 701 1559 sed
723 1496 851 1579 corpori
873 1499 911 1559 ut
933 1517 991 1560 rex
1014 1496 1142 1560 civibus
1164 1498 1250 1562 suis

219 1589 275 1649 aut
301 1607 419 1670 parens
446 1584 570 1666 liberis,
598 1583 727 1647 libidini
749 1588 857 1647 autem
880 1586 918 1647 ut
940 1583 1044 1648 servis
1068 1584 1249 1669 dominuS,

219 1674 305 1757 quod
333 1695 403 1737 cam
426 1676 551 1735 oo'c‘rcet
574 1675 607 1734 et
628 1670 768 1755 frangit,
796 1670 843 1735 sic
865 1692 993 1755 regum,
1021 1673 1068 1736 sic
1090 1671 1249 1756 impera·
1266 1692 1297 1732 15

218 1765 341 1842 torum,
365 1759 411 1823 sio
434 1759 701 1842 magistratuum,
724 1758 771 1823 sic
793 1762 939 1841 patrum,
962 1759 1009 1823 sic
1031 1760 1245 1843 populorum

218 1848 356 1931 imperia
379 1846 502 1911 civibus
527 1846 686 1928 sociisque
708 1850 863 1929 praesunt
895 1850 932 1909 ut
951 1847 1144 1930 corporibus
1165 1850 1246 1913 uni·

218 1956 300 2018 mue,
318 1932 440 1998 domini
459 1936 567 1997 autem
586 1954 696 1997 servos
714 1934 763 1997 ita
779 1934 932 2018 fatigant,
950 1938 987 1997 ut
1006 1934 1134 2018 pptima
1152 1946 1249 2019 pars‘

219 2022 332 2106 animi,
354 2022 388 2085 id
411 2024 461 2085 est
485 2021 657 2106 sapientia,
680 2020 822 2085 eiusdem
846 2021 946 2085 animi
967 2022 1106 2086 vitiosas
1130 2024 1241 2089 imbe-

219 2111 375 2194 cillasque
394 2112 514 2194 parton,
537 2114 574 2173 ut
592 2109 754 2193 libidines,
776 2113 813 2173 ut
830 2109 1023 2191 iracundias,
1045 2114 1083 2173 ut
1102 2116 1240 2195 pertur-
1258 2132 1290 2172 ao

218 2198 367 2264 bationcs
394 2201 527 2262 ceteras.
565 2197 778 2279 (Aepasueus
805 2202 911 2262 contro
933 2196 1101 2263 Iulianum
1122 2200 1238 2283 Peloq.

218 2286 277 2352 IV
294 2291 345 2351 12.
368 2285 463 2351 61Ὶῖ
486 2285 523 2350 Χ
535 2308 569 2369 p.
594 2291 655 2350 613
677 2285 775 2367 Bon.)

286 2375 397 2440 Nonne
419 2373 522 2440 Cicero
544 2375 579 2438 e'a
602 2374 691 2439 libris
712 2374 749 2437 de
769 2393 804 2437 re
819 2374 960 2454 oblau,
982 2394 1053 2439 cam
1074 2377 1112 2441 de
1134 2378 1238 2460 impe-

218 2465 338 2529 riorum
364 2462 539 2542 differentia
565 2463 736 2542 disputaret
761 2466 790 2525 et
811 2461 903 2525 baius
924 2463 972 2526 rei
992 2464 1239 2531 similitudieem

218 2573 255 2617 ec
284 2557 400 2616 aeterra
425 2550 559 2613 bominis
585 2551 768 2625 adsumeret,
797 2551 834 2611 ut
860 2548 937 2612 filiis
964 2552 1047 2614 dixit
1072 2551 1239 2637 imperari
1253 2572 1281 2613 25

219 2639 363 2723 corporis
383 2637 536 2701 membris
555 2640 690 2720 propter
708 2635 899 2699 oboediendi
912 2636 1117 2722 facilitatem,
1135 2640 1237 2706 vitio·

220 2748 272 2791 sas
302 2747 379 2789 vero
412 2724 513 2788 animi
543 2727 652 2807 partes
685 2726 723 2787 ut
755 2744 866 2788 servos
898 2725 1062 2809 asperiore
1089 2727 1235 2812 imperio

219 2812 380 2882 coerceri?
417 2811 627 2893 (Aapastiaas
649 2813 761 2876 decio.
784 2812 833 2875 dei
855 2811 946 2876 XIV
963 2814 1032 2896 23.)

285 2900 333 2964 M.
358 2900 480 2963 Tollius
501 2900 537 2963 dc
558 2899 734 2980 republica
757 2898 807 2962 ab.
825 2898 905 2962 III:
928 2899 991 2964 ast
1014 2901 1101 2965 enim
1125 2925 1233 2989 genus

218 2988 358 3053 iniustae
382 2986 562 3070 servitutis,
585 3008 658 3050 cum
681 2986 705 3049 ii
729 2990 805 3049 sunt
828 2986 977 3071 alterius,
1001 2989 1057 3072 qui
1080 2992 1132 3055 sui
1155 3015 1232 3076 pos·
1249 3012 1278 3053 eo

220 3081 296 3142 sunt
324 3097 409 3159 esse,
440 3098 513 3140 oum
541 3077 650 3139 autem
678 3074 703 3138 ii
729 3074 955 3139 famulantur.
978 3122 987 3141 .
1009 3122 1048 3142 ..
1087 3079 1235 3162 (Nouius

167 3188 241 3358 {85²9
285 3254 324 3321 Si
351 3164 469 3330 caios,
496 3249 598 3332 inquil
619 3249 804 3328 Carneades,
833 3251 971 3331 aspidem
997 3254 1108 3317 occulte
1137 3255 1235 3321 bitere

220 3343 352 3423 uspiam,
361 3346 390 3405 et
406 3341 479 3405 celle
496 3340 630 3420 aliquem
647 3340 869 3421 imprudentem
886 3358 977 3418 saper
994 3359 1063 3403 eum
1086 3344 1233 3426 areidae,

219 3431 308 3493 eilias
329 3448 412 3493 mors
435 3427 491 3492 tibi
512 3426 747 3491 emolamentum
763 3426 874 3505 feature
890 3426 940 3501 sit,
962 3426 1097 3505 improbe
1112 3429 1232 3508 feceris,
1248 3450 1275 3490 aa

219 3518 283 3580 nisi
308 3518 476 3592 monereris,
507 3534 546 3578 uc
572 3515 702 3592 assidet,
734 3513 788 3576 sed
813 3512 962 3593 impaaile
989 3517 1108 3591 anem
1139 3518 1233 3583 scisse

220 3604 301 3667 enim
325 3608 351 3667 te
373 3604 442 3684 qais
464 3621 624 3685 eoorpuere
639 3599 764 3683 possit?
800 3598 862 3664 Sed
881 3600 977 3664 nimis
998 3602 1106 3667 maella.
1153 3604 1232 3671 Pcr-
