2675 4209
123 236 187 291 un.
206 237 229 291 i
251 236 345 291 cnr.
369 241 414 303 se,
432 242 476 291 a.
495 241 510 302 e
526 242 567 304 ro,
587 242 628 305 a,
646 235 792 307 sacen,
809 236 877 295 nm.
891 238 927 295 11.
943 237 1028 297 sne.
1046 238 1113 305 305

143 381 172 444 3.
201 381 299 446 Nem,
330 400 372 462 p.
396 382 471 446 526.
496 382 518 445 5
540 378 643 445 Cicero
670 382 706 446 dc
731 402 766 446 re
785 382 872 463 predi.
898 382 949 448 lib.
974 382 1013 447 l.-
1044 381 1114 449 Nec

83 470 205 533 tuntum
230 468 431 553 Karthago
458 466 626 533 habuisset
654 490 752 553 opum
779 473 942 535 sescentos
968 469 1037 535 fere
1059 492 1114 537 an·

80 576 132 621 nos
155 558 233 621 sine
261 556 426 621 consiliis
450 560 484 621 et
507 556 686 642 disciplina
1331 579 1334 581 ·

135 646 168 709 4.
200 644 307 712 oua
338 666 374 726 p.
400 649 475 710 276.
501 648 522 711 5
550 647 599 711 n.
624 646 747 711 rossus
774 648 811 711 a
838 667 873 711 re
896 646 980 728 pos.
1003 645 1054 711 io.
1075 646 1114 711 l.-
1127 622 1297 706 ewa&

54 730 303 818 sCognosoere
333 732 524 817 mehercule,
546 733 661 818 inquit,
684 734 947 799 consuetudinem
964 733 1063 798 istam
1080 708 1159 799 es⁰d
1320 779 1325 788 „

71 822 226 887 studium
255 820 443 886 sermonis.

134 911 167 975 5.
194 912 369 976 Lactaat.
392 910 464 973 isset.
485 910 545 975 dio.
567 909 635 975 ΙΙΙ
651 914 701 977 16.
721 913 743 976 5
764 910 839 976 Noa
859 930 929 994 cryc
950 912 1115 977 utilitatem

1 999 20 1043 Υ
68 1018 104 1061 ers
130 998 380 1081 philosophia,
411 998 465 1063 sed
489 998 713 1063 oblectctioncm
734 1003 857 1080 petunt,
887 1000 969 1081 quod
993 1002 1115 1081 quidem

69 1084 179 1152 Cicero
207 1091 361 1151 testatas
379 1089 438 1149 cst:
461 1084 620 1169 Profecto,
642 1086 752 1168 inquit,
775 1086 879 1150 omnis
896 1086 1034 1152 istorum
1052 1088 1115 1153 dis·

35 1190 56 1229 10
66 1175 228 1259 putatio,
260 1194 468 1257 quamquam
489 1173 670 1238 uberrimos
690 1172 798 1237 fontes
815 1174 946 1239 virtutis
964 1180 998 1239 ct
1016 1176 1115 1240 scien·

68 1262 137 1327 tiae
171 1262 360 1344 continet,
387 1263 496 1327 tamen
519 1261 640 1327 collata
662 1283 736 1326 cum
758 1283 871 1327 eornm
893 1264 973 1328 actis
994 1262 1115 1348 perfec·
1163 1324 1168 1332 .

68 1350 191 1433 tisque
221 1350 337 1414 rebus
359 1370 472 1413 vereor
493 1371 534 1414 ne
556 1371 622 1413 non
644 1353 774 1413 tantum
795 1350 944 1415 videatur
965 1350 1115 1414 attulisse

1 1440 2 1487 i
69 1438 220 1524 negotii
248 1434 452 1519 hominibus,
475 1441 630 1521 quantam
653 1437 912 1502 oblectationem.

147 1527 186 1592 6.
217 1526 411 1591 Arusianus
427 1526 563 1590 Messias
584 1526 708 1608 enempt
726 1526 828 1590 electa.
839 1546 875 1606 p.
888 1528 952 1589 216
974 1524 1113 1589 Lindem.

36 1614 219 1679 onvocat
252 1612 295 1677 ab
320 1612 379 1677 itia
403 1633 438 1677 re
459 1612 520 1678 Cic.
547 1614 584 1677 de
609 1632 643 1677 re
662 1612 749 1695 publ.
776 1612 827 1677 lo.
849 1611 887 1677 I:
917 1610 950 1676 A
972 1634 1037 1695 qua
1057 1611 1112 1676 isti

74 1703 300 1769 avocabant.
566 1726 570 1731 ·

506 1878 718 1887 ———-

357 2055 405 2127 M.
434 2053 595 2127 TULLII
622 2052 868 2126 CICERONIS

253 2228 360 2327 DE
414 2230 520 2327 RE
574 2227 969 2328 PUBLICA

404 2424 541 2485 LIBER
569 2423 818 2485 SECUNDUS.

558 2581 663 2591 ——-

466 2704 761 2766 ARGUMENTUM.

180 2840 242 2895 Hoc
258 2841 330 2896 libro
340 2838 487 2895 Africanus
498 2837 611 2893 Catonis
626 2837 771 2893 confirmat
784 2838 958 2908 sententiam,
976 2840 1110 2897 Romano

101 2908 1112 3050 ‘atttritiiiiiii”iztdssizitffifflisstntudiffiniti?

106 3052 190 3119 silio,
211 3052 331 3121 pietate,
349 3052 454 3106 virtute
467 3022 511 3105 ’sii
529 3051 690 3105 constituta.
726 3048 787 3113 Qua
804 3050 897 3103 ments
916 3052 1033 3114 enarrat,
1053 3049 1113 3116 qui·

2 3170 15 3184 ,
106 3125 164 3179 bus
181 3122 233 3175 illc
250 3122 351 3177 civitas
369 3121 503 3191 auspiciis
521 3120 672 3176 aRomulo
691 3119 806 3173 condita
823 3117 862 3171 sit
873 3120 904 3172 et
917 3119 1017 3187 quibus
1029 3118 1112 3171 bene·

107 3192 191 3258 ficiis,
209 3192 314 3248 artibus
332 3191 536 3263 praesidiisque
554 3192 589 3245 ab
608 3190 707 3245 eodem
726 3186 881 3255 ceterisque
899 3188 1012 3256 regibus
1030 3188 1113 3242 cuca

109 3265 142 3319 et
163 3262 272 3317 firmata
293 3266 364 3333 (cap.
390 3266 486 3330 1—22)
508 3260 665 3331 tyrannidis
687 3256 836 3327 impatiens
859 3257 974 3311 tandem
997 3274 1111 3313 excusso

109 3331 254 3401 Tarquinii
272 3332 338 3403 iugo
358 3350 387 3388 se
405 3333 436 3387 in
448 3332 608 3387 libertatem
621 3327 808 3384 vindicaverit
820 3334 891 3396 (cap.
907 3332 1030 3399 23-2'1).
1053 3330 1113 3383 Iam

112 3402 238 3473 exposita
259 3402 415 3471 tyrannidis
438 3404 537 3457 natura
559 3406 629 3471 (cap.
649 3405 692 3465 28,
711 3402 756 3467 29)
780 3396 874 3467 Scipio
897 3414 955 3452 non
971 3398 1112 3469 minimae,

112 3472 222 3541 qualem
239 3472 320 3528 Plato
340 3474 510 3544 cogitatione
528 3471 650 3536 finxerit,
673 3468 723 3524 sed
739 3468 890 3537 maximae,
909 3486 1027 3539 quaere
1046 3488 1113 3527 vera

112 3542 207 3609 fuerit,
229 3542 416 3599 Romanorum
438 3541 562 3599 civitatis
584 3538 736 3610 imaginem
753 3539 943 3596 adumbrando
960 3558 1063 3599 novam
1082 3559 1112 3598 se

165 3638 220 3683 010.
232 3642 275 3682 1v.
288 3644 307 3684 2.
864 3635 900 3684 20
