2675 4209
264 549 301 593 ac
318 528 390 611 fide,
408 547 531 611 proque
548 526 610 589 hae
631 525 781 608 opinione
799 524 945 589 omnium
964 524 1087 589 civium
1103 526 1249 589 bonus
1267 527 1305 588 il

262 617 313 680 vir
339 618 486 696 vexetur,
519 612 679 697 rapiatur,
712 632 825 675 manna
853 612 882 675 ei
910 612 1048 696 denique
1076 613 1304 677 adferantu

263 703 456 769 effodiantur
475 700 568 783 oculi,
587 700 766 782 damnetur,
783 700 954 783 vinciatur,
972 704 1100 783 uratur,
1122 702 1304 765 extermi

261 793 342 871 pn]
360 793 463 873 netur,
482 792 586 874 egeat,
604 791 770 872 postremo
782 787 852 851 iure
866 788 966 852 etiam
981 788 1112 871 optimo
1130 790 1306 853 omnibu

263 878 462 942 miserrimus
486 898 555 939 esse
578 876 735 957 videatur,
758 879 871 940 contra
894 879 1004 940 autem
1025 876 1085 939 ille
1108 876 1305 960 improbu

263 965 420 1046 laudetur,
439 965 574 1047 colatur,
593 964 634 1027 ab
654 963 803 1027 omnibus
823 963 989 1048 diligatur,
1007 985 1127 1027 omnes
1150 965 1204 1028 ad
1227 988 1306 1029 eun

262 1052 414 1135 honores,
442 1052 550 1115 omnia
576 1050 726 1135 imperia,
749 1072 860 1114 omnes
884 1073 972 1134 opes,
995 1072 1112 1115 omnes
1140 1053 1306 1136 undiqffl

263 1140 375 1223 copiae
393 1140 609 1222 conferantur,
627 1138 679 1202 vir
695 1138 831 1221 denique
846 1138 990 1222 optimus
1004 1139 1159 1203 omnium
1178 1141 1306 1204 existi-

263 1229 405 1293 matione
429 1230 462 1291 et
491 1226 701 1312 dignissimus
731 1226 820 1289 omni
849 1226 983 1289 fortuna
1009 1227 1143 1310 optima
1169 1228 1307 1293 iudice-

262 1321 326 1400 tur,
349 1316 458 1399 quiet
444 1314 574 1378 tandem
597 1313 660 1377 erit
682 1313 910 1397 lendenaus,
933 1313 990 1398 qui
1009 1314 1154 1398 dubitet,
1175 1319 1306 1379 utrum

266 1426 300 1469 se
324 1426 395 1467 esse
419 1402 536 1466 malit?

211 1473 254 1601 188
331 1491 459 1566 Quod·
449 1512 484 1553 1n
511 1488 662 1573 singuliS,
689 1487 775 1552 idem
802 1487 888 1552 est
878 1511 913 1552 m
935 1489 1081 1573 populis:
1109 1490 1217 1554 nulla
1244 1496 1304 1554 est

211 1552 291 1661 ²8.p
312 1583 358 1660 12]
381 1581 509 1642 lamet
495 1577 560 1640 teu]
546 1581 581 1640 ta
603 1576 718 1641 civitas
723 1576 859 1660 ,lquae
881 1598 949 1640 non
970 1577 1125 1640 iniuste
1114 1600 1301 1661 1mperare

264 1667 358 1733 malit
388 1688 484 1749 quam
516 1664 635 1728 servire
663 1626 758 1727 iusie.
803 1663 872 1728 Nee
900 1686 978 1728 vero
1007 1665 1141 1749 longius
1172 1667 1297 1731 abibo.

265 1753 386 1818 Consul
411 1772 471 1835 ego
495 1752 648 1835 quaesivi,
671 1774 744 1816 aum
763 1773 822 1816 vos
840 1752 922 1815 mihi
940 1752 1085 1815 essetis
1075 1774 1112 1815 111
1130 1755 1296 1840 consilio,

265 1843 303 1905 de
326 1838 482 1903 Numant
459 1845 527 1903 tmo
549 1838 686 1903 foedere.
723 1837 801 1914 Quis
824 1837 1060 1924 ignorabatQ.
1083 1808 1296 1924 Pompeiani

264 1928 379 1994 fecisse
400 1926 523 2010 foedae,
546 1926 690 1990 eadem
680 1950 715 1990 1n
737 1948 834 1990 eausa
857 1948 927 1990 esse
948 1926 1160 1992 Mancinum?
1185 1932 1291 2015 aller,

264 2017 315 2081 vir
343 2014 499 2099 optimus,
527 2014 625 2078 etiam
650 2014 753 2077 suasit
775 2015 980 2100 rogationem
1004 2037 1055 2078 me
1079 2037 1119 2079 ex
1143 2024 1288 2083 senatus

265 2104 412 2169 consulto
440 2102 576 2251 ferente,
606 2102 690 2166 alter
717 2102 871 2166 acerrime
899 2124 934 2165 se
961 2101 1114 2167 defendit.
1161 2102 1197 2168 Si
1222 2131 1286 2191 pu·
1300 2128 1309 2166 8

265 2192 324 2256 dor
348 2189 522 2339 8888888818,
545 2190 574 2253 si
596 2189 753 2273 probitas
776 2189 805 2253 si
826 2190 916 2273 fides,
938 2189 1109 2254 Mancinus
1128 2191 1211 2257 haec
1232 2200 1285 2259 at-

263 2280 351 2363 tulit,
374 2278 514 2361 stratio,
535 2278 716 2361 eonsilium,
733 2277 914 2362 prudentia,
932 2276 1108 2361 Pompeius
1127 2281 1281 2347 antistat.

264 2330 399 2433 Ulrdm.
414 2415 422 2432 .
437 2414 467 2431 ..

544 2504 687 2587 [Aliquot
706 2505 816 2569 demut
802 2506 989 2587 tpupiuue.]

213 2604 255 2729 13
334 2630 415 2694 Tum
437 2628 557 2692 omissis
578 2628 788 2692 eommumlms
809 2629 853 2692 u‘d
867 2629 1001 2708 propriu
1022 2629 1158 2693 88888888
1145 2630 1271 2713 t(-Oar

213 2682 399 2799 29888.88888)
439 2714 550 2778 Bonus
571 2716 628 2795 888,
651 2716 765 2796 iuquit,
787 2717 817 2779 si
837 2715 947 2779 888888
934 2720 1087 2779 tseruum
1108 2717 1269 2799 8888888888
1282 2740 1304 2780 u

265 2806 311 2869 888
338 2805 463 2868 domum
491 2764 679 2867 insalubrem
707 2823 744 2866 88
763 2803 966 2885 pestilentem,
992 2824 1071 2884 qum
1092 2806 1166 2869 88888
1185 2811 1268 2875 solus

267 2892 395 2957 seiutet
382 2891 482 2955 888888
500 2892 686 2969 8888888888,
713 2894 749 2953 88
769 2891 940 2973 ueudut,u
917 2895 1062 2955 8888888888
1077 2895 1228 2975 88888888
1226 2920 1266 2962 ur

263 2981 358 3063 supit'
346 3000 428 3044 888888
456 2996 577 3042 seruum
602 2980 649 3042 888
669 2978 858 3060 pestilentem
882 2940 1009 3041 domum
1031 2998 1062 3044 se
1084 2983 1201 3048 88888888
1221 3007 1263 3051 88

265 3069 373 3135 celabit
397 3066 583 3149 emptorem?
619 3064 657 3131 Si
677 3066 833 3147 8888888888
832 3086 883 3142 88,
910 3065 1006 3129 boum
1032 3068 1231 3152 quidemqu
1231 3076 1262 3138 ia

264 3158 444 3237 stalle
424 3154 521 3220 tsul
541 3158 642 3217 tumeu
663 3154 775 3219 stultus
796 3152 992 3230 iudicabitur,
1014 3156 1089 3235 putu
1110 3158 1153 3256 888
1166 3180 1309 3239 parvom

265 3247 369 3311 8888888
395 3246 441 3310 888
464 3242 588 3306 8888888
610 3262 673 3305 888
695 3242 815 3316 vendet·
842 3241 871 3305 ai
893 3240 1117 3319 calamiten
1073 3244 1258 3325 eritpu'dm

266 3335 402 3414 sapiam,
429 3331 505 3415 putu
526 3330 573 3392 888
594 3330 738 3405 cumulet,
765 3329 818 3392 sed
838 3328 917 3391 idem
938 3328 1053 3405 malus,
1081 3332 1151 3411 quia
1168 3334 1257 3412 888888.

266 3420 390 3485 Rursus
417 3422 447 3485 si
475 3417 655 3498 reperiutu
635 3418 782 3498 88888888,
810 3414 864 3494 qui
892 3414 1104 3480 88888888888888
1129 3438 1157 3482 se
1175 3429 1256 3502 putet

266 3507 403 3585 uendere,
433 3525 555 3571 888888
528 3505 570 3568 sit
595 3505 676 3569 888888
701 3521 829 3578 aurum,
857 3506 914 3564 aut
933 3502 1110 3581 plumbum,
1135 3527 1196 3572 8888
1215 3514 1254 3576 ul

266 3598 476 3677 arpentumt
463 3591 571 3657 8888888
558 3596 620 3669 tue,
641 3597 678 3655 ut
665 3592 734 3656 888
747 3608 847 3669 paruo
869 3593 961 3666 88888,
984 3609 1028 3653 88
1049 3592 1197 3677 iudicabit,
1219 3605 1283 3664 8888
