2675 4209
247 269 314 333 370
618 268 666 321 DE
684 268 733 323 RE
751 267 906 324 PUBLIGA

246 414 378 477 iannanr
403 414 559 479 mendacio
579 412 781 495 potinernnt?
816 412 906 477 Haec
931 414 1092 494 qnoniam,
1118 414 1198 478 dnm
1225 415 1267 479 de

246 501 410 566 Platonico
432 501 497 566 Ere
523 502 692 579 iactantur,
719 502 813 565 etiam
834 502 964 582 antenna
985 501 1136 582 Africani
1157 504 1284 566 nostri

246 590 431 654 somniantis
452 590 609 667 incusant,
639 590 909 653 ...resistamns
930 591 1064 671 nepenti,
1087 594 1117 653 et
1135 590 1266 669 fnestra

248 697 379 759 arpnens
400 678 571 757 rcfettatnr,
597 681 634 741 nt
658 697 725 741 nna
745 678 905 741 catnnnia
927 678 1077 742 dissotnta
1097 679 1266 759 ntnnsqne

245 765 364 846 factnrn
385 766 575 843 incolumen,
597 770 633 829 nt
651 765 705 845 fas
726 770 777 842 est,
799 767 930 830 retineat
950 766 1139 847 dipnitatern.
1167 764 1298 847 (Ma-s

249 854 367 918 nobitas
389 858 544 918 oornrnent.
566 854 602 917 in
623 872 719 917 sornn.
742 852 824 934 Scap.
846 852 872 917 I
889 859 917 918 1.
941 858 1038 919 6-2.
1061 853 1105 937 5.)

315 939 488 1022 Sapionern
506 941 608 1023 ipswn
626 940 699 1005 hacc
711 942 826 1005 occasio
838 942 882 1005 ad
893 942 1090 1005 narrandam
1102 943 1266 1006 somniant

242 1030 433 1110 provocavit,
464 1030 546 1111 qnod
576 1030 664 1111 tanao
696 1034 826 1111 ternpore
855 1048 887 1093 se
918 1033 1043 1094 tastatns
1068 1035 1113 1094 est
1136 1030 1265 1095 alentio
1322 1047 1331 1096 t

248 1117 424 1181 condidisse.
461 1114 540 1181 &nne
562 1118 643 1181 eninr
660 1117 788 1182 Laetins
809 1121 983 1198 qnaeretnr
999 1118 1105 1183 nntius
1122 1118 1265 1182 Nasicae

247 1210 367 1269 statnas
391 1206 428 1268 in
448 1205 572 1286 pnbtico
599 1207 633 1269 in
661 1205 812 1285 interfecti
833 1206 961 1287 tyranni
981 1207 1265 1270 rernnneratronern
1280 1225 1316 1264 ιο

249 1294 375 1371 locatas,
406 1294 562 1375 respondit
582 1292 686 1375 Scipio
706 1298 781 1374 post
805 1293 874 1356 alia
899 1295 936 1357 in
961 1293 1035 1357 tace
1055 1294 1162 1357 certa:
1194 1290 1265 1358 Sed

249 1402 445 1464 quamquam
464 1380 665 1465 sapientibus
684 1379 882 1445 conscientia
898 1381 971 1465 ipsa
987 1381 1150 1446 factorum
1167 1402 1264 1465 egre-

248 1469 377 1553 giorum
409 1468 646 1553 amplissimum
678 1467 810 1533 virtutis
842 1472 894 1532 est
920 1468 1114 1553 praemium,
1145 1472 1264 1534 tamen

248 1556 307 1621 illa
331 1556 439 1621 divina
462 1556 565 1621 virtus
587 1578 655 1621 non
675 1559 801 1621 statuas
818 1557 953 1641 plumbo
972 1556 1178 1621 inhaerentes
1196 1579 1263 1623 nec

248 1645 431 1729 triumphos
462 1646 682 1710 arescentibus
709 1644 844 1728 laureis,
876 1644 933 1709 sed
960 1645 1132 1709 stabiliora
1159 1667 1261 1728 quae·
1278 1665 1308 1705 rs

248 1732 324 1796 dam
347 1735 380 1795 at
402 1732 556 1796 viridiora
578 1732 797 1817 praemiorum
819 1752 939 1817 genera
961 1732 1130 1797 desiderat.
1167 1732 1262 1807 Quae

248 1820 380 1883 tandem
403 1819 468 1883 ista
491 1823 579 1902 sunt,
600 1820 708 1903 inquit
729 1819 882 1884 Laelius?
918 1819 1002 1885 Tum
1025 1818 1146 1906 Scipio:
1168 1820 1262 1885 Pati-

249 1907 330 1971 mini
356 1928 420 1990 me,
449 1908 601 1990 quoniam
628 1908 763 1972 tertium
791 1909 875 1973 diem
904 1909 971 1973 iam
997 1908 1108 1973 feriati
1135 1930 1261 1994 sumus,
1329 1977 1330 1980 ,

249 2000 279 2060 et
298 2000 402 2073 cetera,
425 1997 535 2077 onitas
556 1997 599 2060 ad
619 1998 830 2061 narrationem
846 1998 960 2061 somnii
976 1998 1060 2061 venit
1075 1999 1182 2062 docens
1199 1999 1262 2062 itta

248 2103 311 2149 esse
331 2084 492 2149 stabiliora
513 2089 542 2148 et
562 2085 713 2149 oiridiora
728 2086 941 2166 praemiornrn
955 2105 1076 2167 penna,
1098 2106 1176 2166 qnae
1192 2087 1262 2167 ipse
1277 2106 1309 2145 aa

248 2173 373 2239 vidisset
393 2174 428 2235 in
450 2173 530 2237 caeto
553 2173 639 2238 tonis
660 2193 765 2237 rernm
781 2174 982 2254 pnbiicarinn
997 2178 1120 2239 servata
1135 2175 1261 2239 rectori·

248 2260 312 2327 bros.
349 2260 502 2344 (Macrob.
524 2259 597 2325 14.
619 2264 644 2326 2
665 2262 725 2345 sq.)

213 991 230 1039 8

619 2468 883 2537 SOMNIUM.

197 2593 266 2717 931)
312 2610 394 2677 Cum
423 2612 459 2676 in
480 2611 627 2676 Africam
649 2611 811 2676 venissem
833 2611 885 2676 Μ’.
907 2610 1043 2677 Manilio
1066 2612 1192 2677 consuli
1215 2615 1258 2680 ad

251 2703 401 2784 quartam
423 2698 586 2784 legionem
607 2698 771 2783 tribunus,
797 2702 836 2763 ut
858 2699 963 2783 scitis,
990 2700 1145 2784 militum,
1171 2701 1258 2766 nihil

251 2788 332 2852 mihi
361 2787 425 2851 fuit
455 2787 578 2871 potius,
614 2809 712 2870 quam
744 2783 781 2851 ut
810 2786 1018 2852 Masinissam
1050 2789 1257 2855 convenirem
1272 2808 1300 2849 25

250 2896 370 2959 regem,
395 2874 537 2939 familiae
559 2877 692 2939 nostrae
714 2875 809 2939 iustis
833 2875 996 2941 decausis
1015 2876 1257 2943 amicissimum

250 2965 302 3030 Aa
327 2985 421 3047 quem
444 2967 482 3027 ut
504 2963 591 3046 veni,
618 2963 794 3047 conplexus
817 2986 869 3027 me
892 2985 989 3028 senex
1011 2964 1259 3031 conlacrimavit

250 3054 481 3137 aliquantoque
503 3054 580 3137 post
602 3050 747 3135 suspexit
769 3050 811 3115 ad
833 3051 959 3116 caelum
982 3054 1028 3115 et:
1056 3051 1187 3135 Grates,
1209 3054 1258 3119 in·

251 3143 334 3227 quit,
356 3141 418 3205 tibi
441 3162 518 3225 ago,
541 3160 665 3205 summe
689 3137 755 3222 Sol,
777 3139 942 3223 vobisque,
964 3122 1256 3226 reliquiYTaeliter,

176 3287 181 3294 .
251 3230 354 3315 quod„
368 3224 564 3312 a‘n'tffffltam
588 3248 626 3291 ex
643 3227 706 3292 hac
723 3227 793 3291 vita
811 3228 927 3313 migro,
949 3228 1111 3312 conspicio
1130 3228 1165 3291 in
1183 3252 1255 3295 meo
1271 3250 1300 3290 so
1323 3190 1331 3266 i

250 3338 350 3401 regno
374 3305 595 3381 effis‘fe'ctis
613 3314 648 3380 P.
667 3312 854 3380 Cornelium
870 3312 1063 3399 Scipionem,
1085 3316 1176 3381 cuius
1194 3339 1255 3403 ego

250 3404 379 3468 nomine
402 3404 473 3488 ipso
497 3425 637 3486 reare0r3
659 3402 770 3486 itaque
791 3425 969 3487 numquam
991 3426 1031 3468 ex
1053 3404 1160 3469 animo
1183 3428 1255 3471 meo

251 3491 385 3555 discedit
407 3492 495 3556 illius
519 3492 634 3576 optimi
658 3494 755 3574 atque
777 3490 983 3556 invictissimi
1004 3491 1068 3556 viri
1090 3493 1254 3558 memoria.

250 3578 373 3644 Deinde
397 3601 457 3665 ego
480 3580 574 3644 illum
597 3580 635 3643 de
659 3601 717 3643 suo
741 3600 850 3665 regno,
873 3580 931 3643 ille
953 3602 1005 3644 me
1028 3580 1067 3644 de
1089 3584 1203 3645 nostra
1220 3604 1254 3647 re
