2675 4209
256 273 322 337 318
618 271 667 325 DE
685 272 735 325 RE
751 271 907 326 PUBLICA

257 416 432 501 diligentis.
472 412 534 480 Sed
556 419 667 480 tamen
688 415 851 500 prioribus
875 415 1020 499 equitum
1041 415 1201 500 partibus
1234 438 1279 481 se
1293 462 1307 495 r

255 533 284 584 p.
298 507 347 584 38]
375 503 487 569 oundis
515 503 633 568 additis
656 524 696 565 00
723 522 757 570 ιο
780 520 844 569 ccc
870 503 948 568 feeit
972 505 977 585 Ι
1001 503 1126 587 equites
1153 518 1306 569 nume·

256 613 392 676 rumque
424 591 611 676 duplicavit.
652 590 773 655 Postea
803 592 890 655 bello
919 591 1049 676 subegit
1075 591 1281 675 Aequorum

257 702 410 765 magnam
437 683 567 764 gentem
595 682 627 743 et
649 679 790 744 ferocem
813 684 846 743 et
868 679 964 743 rebus
986 679 1101 764 populi
1122 679 1283 744 Roman:

256 768 488 851 imminentem,
510 767 658 850 idemque
682 764 820 832 Sabinos
843 789 916 832 cum
938 789 959 832 a
980 768 1149 832 moenibus
1171 769 1284 833 urbis
1306 812 1307 815 =

256 855 465 939 reppulisset,
500 855 646 938 equitatu
678 855 763 919 fudit
793 854 945 939 belloque
977 855 1104 919 devicit.
1152 854 1302 939 Atque

258 944 392 1013 eumdem
423 941 564 1026 primum
595 942 690 1007 ludos
721 943 896 1027 maximos,
928 942 984 1026 qui
1014 942 1154 1008 Romani
1187 944 1307 1024 dicti¹

259 1034 349 1115 sunt,
378 1030 493 1099 fecisse
526 1030 707 1115 accepimus
734 1030 908 1114 aedemque
939 1031 975 1094 in
1002 1028 1165 1115 Capitolio
1194 1030 1307 1112 Iovi¹

258 1118 383 1203 optimo
410 1117 551 1189 maximo
578 1118 665 1181 bello
689 1115 811 1182 Sabino
837 1119 873 1182 in
899 1117 973 1202 ipsa
998 1140 1110 1204 pugna
1135 1119 1281 1183 vovisse

256 1235 284 1286 p.
304 1208 351 1287 31]
375 1203 564 1291 faoienldam
583 1211 810 1290 mortuumque
829 1227 909 1291 esse,
931 1228 1004 1271 cum
1022 1207 1280 1291 duodequadra-

258 1294 351 1380 ginta
373 1294 577 1379 regnavisset
600 1316 710 1359 annos.
1303 1373 1307 1375 Y

205 1366 246 1429 21
323 1381 406 1446 Tum
428 1381 573 1447 Laelius:
599 1380 694 1457 Nunc
720 1382 760 1446 fit
785 1382 867 1447 illud
890 1380 1024 1447 Catonis
1047 1382 1180 1466 certius,
1208 1406 1277 1447 nee

205 1444 238 1492 ³⁷
257 1470 413 1555 temporis
442 1470 538 1534 unius
567 1492 630 1537 neo
655 1470 797 1543 hominis
825 1492 895 1535 esse
923 1470 1191 1536 constitutionem
1222 1471 1274 1535 rei
1298 1540 1301 1547 ,

257 1558 420 1644 publicae3
442 1558 648 1642 perspicuum
672 1563 722 1628 est
740 1559 835 1642 enim,
858 1562 981 1642 quanta
997 1558 1032 1621 in
1050 1559 1200 1643 singulos
1221 1580 1273 1623 re-
1299 1631 1303 1635 p

258 1668 315 1733 ges
340 1667 448 1710 rerum
470 1646 629 1710 bonarum
652 1650 685 1711 et
703 1646 833 1721 utilium
854 1646 914 1710 fiat
936 1646 1085 1711 accessio.
1130 1643 1196 1710 Sed
1221 1668 1272 1710 se-
1285 1668 1307 1727 r⁴

258 1734 368 1818 quitur
390 1734 427 1814 ia,
454 1733 508 1817 qui
531 1734 612 1798 mihi
634 1733 764 1797 videtur
786 1756 824 1809 ex
847 1734 996 1798 omnibus
1018 1734 1053 1797 in
1074 1755 1110 1797 re
1131 1734 1270 1818 publiea

257 1822 375 1886 vidisse
397 1820 581 1905 plurimum.
627 1820 680 1885 Ita
703 1825 766 1903 est,
787 1822 895 1920 inquit
917 1820 1033 1906 Scipio.
1077 1820 1165 1886 Nam
1187 1826 1271 1907 post

256 1938 283 1989 p.
308 1911 356 1990 32]
394 1930 467 1971 eum
499 1906 628 1973 Servius
661 1907 796 1996 Tulllius
832 1910 956 1994 primus
991 1909 1116 1973 iniussu
1148 1908 1264 1994 populi

257 1996 443 2083 regnavisse
462 1996 611 2081 traditur,
630 2018 726 2081 quem
743 1997 853 2061 ferunt
870 2020 913 2075 ex
923 2020 1016 2062 serva
1030 1997 1265 2081 Tarquiniense
1306 2049 1308 2072 2

256 2088 379 2166 natum,
402 2106 475 2148 cum
498 2089 583 2149 esset
606 2107 645 2149 ex
668 2086 808 2169 quodam
830 2086 917 2171 regis
940 2086 1057 2150 cliente
1079 2088 1299 2170 conceptusst

257 2173 319 2248 Qui
350 2194 423 2238 cum
451 2172 650 2237 famulorum
676 2176 712 2237 ia
737 2195 871 2238 numero
900 2174 1053 2245 educatus
1080 2174 1122 2238 ad
1149 2176 1263 2258 epulas

257 2262 345 2347 regis
368 2260 549 2344 adsisteret,
571 2283 638 2326 non
660 2261 758 2326 latuit
781 2261 924 2326 scintilla
940 2261 1073 2347 ingenii,
1095 2282 1177 2345 quae
1196 2263 1261 2326 iarn

257 2354 329 2414 tum
356 2349 503 2414 elucebat
529 2349 564 2413 in
590 2372 705 2434 puero3
732 2350 779 2414 sic
806 2353 876 2413 erat
903 2351 937 2413 in
965 2349 1054 2419 omni
1079 2350 1132 2414 vel
1155 2349 1260 2415 officio

256 2439 309 2503 vel
333 2459 480 2502 sermone
502 2438 628 2502 sollers.
662 2436 778 2522 Itaque
791 2436 994 2521 Tarquinius,
1017 2436 1073 2521 qni
1089 2437 1260 2502 admodum

257 2548 376 2611 parvos
398 2529 468 2589 tum
491 2526 627 2590 baberet
650 2526 779 2609 liberos,
802 2526 848 2589 sio
871 2523 1018 2590 Servium
1037 2525 1201 2610 diligebat,
1225 2530 1259 2590 ut
1270 2542 1289 2582 2⁵

257 2644 284 2694 p.
300 2616 365 2695 291]
385 2614 413 2676 is
430 2613 497 2676 eius
511 2614 611 2699 vulgo
626 2611 809 2699 balberetur
822 2613 918 2696 filius,
936 2617 1034 2696 atque
1048 2635 1121 2677 eum
1135 2635 1257 2678 summo

258 2702 365 2766 studio
389 2701 538 2765 omnibus
560 2702 601 2764 iis
621 2701 755 2784 artibus,
779 2722 859 2784 quas
877 2701 948 2784 ipse
965 2701 1129 2784 didicerat,
1151 2702 1192 2768 ad
1208 2725 1256 2766 ex-

206 2803 239 2853 38
259 2789 504 2873 quisitissimam
528 2789 792 2853 consuetudinem
815 2787 1011 2853 Graecorum
1036 2789 1160 2854 erudiit.
1197 2787 1254 2855 Sed
1303 2799 1305 2886 l

258 2899 331 2943 cum
354 2876 547 2960 Tarquinius
576 2876 702 2940 insidiis
725 2875 809 2940 Anci
834 2875 977 2941 filiorum
1003 2877 1168 2941 interisset
1189 2875 1254 2943 Ser·
1302 2921 1303 2940 v

257 2966 400 3050 viusque,
422 2967 460 3028 ut
479 2968 554 3028 ante
573 2964 647 3047 dixi,
670 2984 805 3049 regnare
824 2963 983 3047 coepisset
999 2986 1067 3030 non
1082 2964 1181 3049 iussu,
1201 2965 1253 3031 sed
1264 2982 1284 3023 a

258 3055 426 3121 voluntate
454 3057 551 3136 atque
574 3073 727 3116 concessu
749 3051 881 3134 civium,
908 3052 1007 3136 quod,
1033 3074 1107 3117 cnm
1129 3052 1253 3137 Tarqui·

257 3172 285 3224 p.
304 3144 370 3223 292]
398 3140 472 3205 nius
500 3162 539 3204 ex
566 3140 698 3204 vulnere
726 3137 832 3227 aelger
857 3139 958 3203 fuisse
986 3143 1020 3205 et
1047 3140 1155 3206 vivere
1175 3140 1251 3207 falso

259 3232 430 3313 diceretur,
457 3229 513 3292 ille
538 3227 628 3313 regio
652 3231 770 3293 ornatu
791 3229 841 3292 ius
865 3228 1000 3291 dixisset
1027 3227 1251 3314 obaeratosque

258 3318 393 3403 pecunia
416 3338 474 3381 sua
496 3316 701 3380 liberavisset
719 3315 886 3399 multaque
904 3315 1058 3381 comitate
1076 3337 1152 3381 usus
1169 3318 1250 3382 iussu

259 3404 426 3488 Tarquinii
454 3425 488 3468 se
511 3404 562 3468 ius
585 3404 690 3469 dicere
712 3404 929 3488 probavisset,
954 3426 1021 3469 non
1043 3404 1277 3471 commisisses

257 3492 420 3576 patribus,
450 3492 505 3555 sed
527 3491 703 3575 Tarquinio
731 3492 858 3575 sepulto
886 3492 1043 3576 populum
1069 3492 1109 3556 de
1135 3493 1247 3579 seipse
1300 3481 1301 3560 l

259 3578 421 3643 consuluit
443 3578 612 3662 iussusque
635 3600 771 3663 regnare
794 3580 900 3665 legem
924 3580 963 3643 de
979 3579 1115 3665 imperio
1133 3601 1187 3647 suo
1202 3604 1247 3646 cu·
1300 3569 1301 3644 l
