2675 4209
308 234 375 289 LlB.
394 234 441 288 III.
461 235 536 289 GAP.
557 241 651 290 ‘1—10.
676 240 692 300 ἓ
711 241 823 289 11-1‘1.
1008 236 1073 301 337

55 377 195 441 eosdem
217 380 250 443 et
268 377 420 461 cuiusque
439 377 566 463 generis
586 377 591 459 Ι
610 378 723 444 beluas
740 400 875 444 numero
893 400 966 443 con·
984 382 1025 460 [p.
1042 396 1074 445 18

56 469 213 529 secretas
236 465 382 548 deorum3
404 465 518 529 deinde
541 464 704 549 Graeciae,
727 466 811 530 sicut
829 466 915 551 apud
931 488 1001 549 nos,
1024 466 1075 531 de-

54 553 155 617 lubra
187 553 365 637 magnifica
387 553 537 617 humanis
560 557 748 618 consecrata
770 554 965 636 simulacris,
993 575 1075 637 quac

53 639 184 705 Persae
215 641 341 704 nefaria
363 645 574 724 putaverunt3
601 663 736 725 eamque
757 664 856 706 unam
878 642 920 707 ob
944 664 1076 706 causam

28 727 185 793 ⁵Xerses
211 728 406 793 inflammari
424 728 674 793 Atheniensium
695 728 774 794 fanu
794 730 927 795 iussisse
950 730 1075 813 dicitur,

53 818 147 899 quod
180 816 274 899 deos,
302 837 439 899 quorum
466 816 580 881 domus
608 821 695 881 esset
721 818 826 883 omnis
852 817 1076 901 hismundus,

52 904 212 968 inclusos
235 904 414 987 parietibus
438 904 596 969 contineri
618 904 710 969 nefas
733 927 803 970 esse
826 906 964 972 duceret.
994 906 1076 971 Post
1097 920 1128 969 15

53 996 176 1057 autem
216 1014 289 1056 cum
319 990 428 1055 Persis
465 996 497 1055 et
528 991 713 1076 Philippus,
750 993 806 1076 qui
836 994 1007 1079 cogitavit,
1043 998 1076 1059 et

53 1079 267 1162 Alexander,
304 1079 360 1163 qui
392 1079 507 1163 gessit,
543 1079 625 1143 hane
653 1080 798 1145 bellandi
828 1102 959 1147 causam
989 1080 1077 1167 infel·

28 1168 175 1251 ⁰rebat,
202 1167 288 1251 quod
309 1167 410 1231 vellet
433 1165 586 1232 Graeciae
608 1166 686 1231 fana
707 1168 853 1253 poenire3
881 1191 962 1253 quae
986 1172 1027 1250 [p.
1042 1186 1075 1235 22

51 1276 94 1318 ne
126 1256 309 1319 reficienda
336 1254 465 1338 quidem
491 1254 583 1319 Graii
608 1258 818 1340 putaverunt,
845 1260 882 1320 ut
909 1262 995 1321 esset
1021 1278 1077 1341 po

54 1343 163 1407 steris
200 1345 275 1407 ante
308 1364 344 1409 os
376 1342 603 1407 documentum
629 1342 803 1408 Persarum
834 1344 964 1408 sceleris
997 1366 1077 1407 sem·

41 1431 244 1512 'piternum
289 1429 392 1504 Quam
420 1431 528 1513 multi,
555 1433 593 1494 ut
619 1430 720 1495 Tauri
746 1432 782 1495 in
808 1431 929 1513 Axino,
957 1436 995 1494 ut
1021 1452 1076 1494 rex

56 1518 216 1604 Aegypti
238 1516 376 1601 Busiris,
408 1521 444 1581 ut
468 1516 569 1600 Galli,
596 1521 633 1581 ut
654 1517 768 1601 Poeni,
795 1518 941 1582 homines
964 1519 1076 1582 immo

28 1618 42 1657 Ὶἓν
56 1606 132 1671 lare
166 1610 201 1671 et
230 1606 319 1690 pium
347 1610 380 1670 et
407 1605 456 1669 dis
482 1606 723 1670 immortalibus
751 1606 984 1691 gratissumum
1007 1627 1077 1671 esse

58 1694 244 1759 duxerunt!
280 1692 377 1757 Vitae
400 1714 476 1758 vero
498 1694 651 1759 instituta
674 1694 720 1759 sic
742 1694 879 1777 distant,
905 1697 943 1758 ut
965 1693 1076 1760 Cretes

58 1786 93 1844 et
119 1781 239 1846 Aetoli
266 1781 455 1846 latrocinari
480 1780 652 1845 honestum
680 1786 809 1865 putent,
832 1781 1078 1848 Lacedaemonii

60 1890 143 1934 suos
166 1891 278 1934 omnes
299 1891 395 1955 agros
415 1890 484 1933 esse
504 1869 693 1953 dictitarint,
713 1868 718 1953 Ι
739 1892 819 1954 quos
843 1871 966 1954 spiculo
986 1874 1027 1950 [p.
1042 1887 1077 1935 28

60 1962 206 2039 possent
234 1957 403 2042 attingere.
448 1956 663 2033 Athenienses
689 1958 796 2022 imore
824 1959 922 2021 ctiam
949 1958 1077 2041 publice

28 2046 222 2111 tractabant
251 2067 378 2108 omnem
406 2065 499 2107 suam
526 2066 595 2108 esse
617 2049 753 2129 terram,
780 2067 862 2129 quae
886 2046 990 2109 oleam
1012 2045 1077 2111 fru-

63 2153 170 2216 gesve
205 2133 321 2215 ferret3
363 2131 451 2196 Galli
487 2136 581 2217 turpe
617 2154 687 2197 esse
724 2134 844 2198 ducunt
878 2133 1077 2199 frumentum

65 2242 172 2286 manu
205 2242 370 2304 quaerere,
400 2220 511 2302 itaque
543 2221 661 2284 armati
693 2222 816 2285 alienos
843 2242 940 2307 agros
973 2221 1076 2285 deme-

63 2310 160 2393 tunt3
196 2330 255 2372 nos
291 2329 368 2373 vero
404 2308 574 2372 iustissimi
609 2308 770 2391 homines,
806 2310 862 2391 qui
893 2308 1076 2392 Transalpi·
1096 2322 1128 2370 16

63 2416 128 2461 nas
161 2396 267 2481 gentis
296 2397 401 2460 oleam
429 2398 461 2459 et
488 2396 588 2459 vitem
616 2417 721 2460 serere
743 2417 808 2459 non
832 2395 980 2478 sinimuS,
1012 2417 1076 2477 quo

29 2491 52 2531 ²⁵
65 2485 177 2567 pluris
210 2484 276 2547 sint
306 2487 420 2548 nostra
452 2483 574 2547 oliveta
603 2487 797 2566 nostraeque
828 2483 954 2564 vineae3
991 2484 1077 2565 quod

65 2593 147 2637 cum
175 2570 346 2654 faciamus,
376 2571 552 2655 prudenter
581 2570 688 2635 facere
720 2570 869 2654 dicimur,
899 2569 985 2633 iuste
1010 2591 1078 2634 non

68 2658 227 2745 dicilmur,
249 2663 286 2723 ut
306 2659 507 2743 intellegatis
527 2658 707 2742 discrepare
726 2659 766 2723 ab
787 2658 949 2743 aequitate
968 2661 1009 2739 [p.
1024 2674 1075 2724 203

68 2747 276 2833 sapientiam.
318 2746 484 2831 Lycurgus
508 2750 630 2829 autem,
655 2746 713 2809 ille
736 2747 845 2833 legum
869 2751 1076 2832 optumarum

68 2839 103 2898 et
128 2835 325 2918 aequissumi
346 2834 427 2899 iuris
449 2835 611 2918 inventor,
634 2854 732 2919 agros
754 2836 966 2922 locupletium
987 2836 1077 2922 plebi

32 2929 56 2970 ³⁰
70 2926 108 2987 ut
134 2922 267 2987 servitio
290 2922 442 2987 colendos
465 2922 561 2986 dedit.
1088 2983 1129 3045 10

71 3097 403 3181 consuetudinumque
426 3097 614 3181 describere,
635 3118 703 3161 non
725 3096 821 3161 modo
843 3098 878 3161 in
899 3100 950 3161 tot
973 3098 1075 3180 genti·
1095 3059 1128 3107 17

71 3183 133 3250 bus
157 3186 260 3269 varia,
283 3186 338 3249 sed
360 3185 396 3249 in
417 3207 482 3249 una
503 3184 592 3268 urbe,
613 3184 666 3249 vel
689 3184 725 3247 in
746 3184 808 3247 hac
829 3184 911 3266 ipsa,
932 3183 1074 3247 milliens

73 3276 201 3337 mutata
223 3274 450 3356 demonstrem,
472 3274 510 3335 ut
531 3271 584 3335 hic
605 3270 686 3335 iuris
704 3274 815 3335 noster
833 3271 991 3353 interpres
1010 3271 1076 3335 alia

37 3365 60 3408 ⁸⁵
73 3380 158 3425 nunc
184 3361 336 3425 Manilius
368 3359 440 3425 iura
472 3360 558 3423 dicat
586 3380 656 3423 esse
687 3357 725 3421 de
754 3355 937 3444 mollierum
964 3359 1004 3438 [p.
1024 3375 1076 3423 204

73 3446 192 3533 legatis
216 3453 248 3512 et
270 3448 514 3531 hereditatibus,
538 3447 603 3511 alia
626 3445 741 3511 solitus
764 3446 808 3510 sit
826 3445 1012 3510 adulescens
1031 3447 1076 3510 di-

75 3557 144 3601 cere
175 3537 317 3600 nondum
344 3534 490 3600 Voconia
518 3536 590 3619 lege
620 3534 702 3618 lata,
734 3556 816 3618 quae
846 3534 976 3619 quidem
1004 3535 1076 3619 ipsa

126 3646 180 3686 oro.
195 3648 230 3687 rv
251 3649 269 3687 a.
344 3645 346 3650 '
829 3644 863 3691 22
