2675 4209
246 298 311 363 328
603 298 652 353 on
670 274 892 355 annuntior

246 443 340 507 unius
368 466 407 509 ex
433 443 501 508 illis
529 443 633 508 xviris
660 444 884 529 intemperiem
911 444 946 509 in
971 444 1043 511 foro
1072 468 1131 511 sua
1156 470 1272 513 manu

244 531 462 597 interemisset
490 554 527 596 ac
554 553 701 597 maerens
730 532 771 596 ad
793 532 982 615 exercitum,
995 534 1066 618 ‚qui
1087 539 1161 599 tum
1191 540 1272 601 eret

245 619 280 683 in
297 619 427 705 Algido,
450 619 659 705 confugisset,
681 620 803 685 milites
821 621 945 684 bellum
962 621 1054 705 illud,
1077 623 1167 706 quod
1191 629 1272 687 erat

244 707 280 771 in
311 708 473 791 manibus,
505 708 675 790 reliquisse
706 712 740 772 ct
769 708 912 793 primum
943 714 1088 773 montem
1115 732 1271 795 sacrum,

245 795 328 860 sicut
352 795 478 859 eratin
500 795 601 859 simili
623 816 721 860 causa
743 800 840 861 anteo
859 796 993 880 factum,
1015 798 1130 863 deinde
1147 799 1297 865 Aren-⁵

245 884 351 949 tinum
373 889 509 950 armatos
530 884 690 949 insedisse.
704 934 712 948 .
726 932 735 949 .
749 934 756 948 .

500 1022 739 1103 [Desiderantur
755 1025 892 1106 popinae
913 1027 1000 1107 octo]

311 1146 428 1213 Dicere
455 1148 604 1211 maritam
629 1166 691 1228 pro
723 1147 923 1228 desz'pnewre.
958 1148 1020 1214 Oia
1048 1151 1086 1215 de
1109 1171 1145 1215 rc
1166 1152 1267 1233 publ.

244 1237 304 1301 sio:
328 1236 485 1300 dictatore
502 1233 538 1299 L.
557 1233 707 1309 Quinctio
726 1234 821 1299 dicto.
840 1230 1074 1319 (Philarppaue
1086 1241 1131 1303 ud
1143 1239 1267 1322 Veryil.

245 1323 353 1405 Georp.
378 1322 446 1387 III
463 1323 550 1405 125.)

244 1440 272 1491 p.
292 1414 357 1492 193]
432 1410 648 1475 ...maiores
675 1413 807 1475 nostros
835 1414 868 1475 et
893 1412 1084 1496 probavisse
1112 1415 1264 1479 maxime
1278 1430 1302 1468 1⁰

246 1503 280 1564 et
302 1499 474 1564 retinuisse
497 1497 734 1582 sapientissime
757 1497 870 1563 iudico.

313 1586 395 1653 Cum
416 1609 454 1651 ea
473 1583 580 1671 Scipio
600 1586 734 1650 dixisset
752 1586 945 1669 silentioque
964 1588 1108 1652 omnium
1126 1590 1261 1673 reliqua

194 1561 236 1625 38

194 1640 229 1688 64
247 1676 315 1741 eius
338 1678 561 1760 expectaretur
584 1674 702 1756 oratio,
724 1677 795 1739 tum
817 1674 958 1739 Tubero:
986 1674 1147 1749 Quoniam
1168 1678 1261 1741 nihil

246 1786 284 1827 cx
312 1767 358 1845 te,
387 1761 553 1844 Africsne,
584 1761 620 1825 hi
647 1762 787 1825 maiores
814 1766 893 1826 natu
920 1763 1102 1848 requirunt,
1133 1787 1174 1829 ex
1201 1788 1260 1829 me

246 1850 369 1933 audies,
393 1849 470 1932 quid
492 1849 528 1911 in
550 1848 696 1913 oratione
719 1854 776 1913 tua
799 1849 983 1915 desiderem.
1030 1850 1123 1935 Sane,
1145 1852 1260 1938 inquit
1274 1867 1298 1907 1⁵

246 1935 363 2021 Scipi0,
384 1940 416 2001 et
434 1937 573 2001 libenter
593 1936 729 2020 quidem.
761 1936 844 2001 Tum
862 1938 932 2002 ille:
955 1938 1153 2005 Laudavisse
1171 1940 1259 2005 mihi
1328 1941 1329 1950 ’

247 2025 365 2091 videris
394 2028 541 2089 nostram
570 2046 639 2088 rem
667 2026 846 2109 publicam,
875 2048 948 2090 cunr
975 2049 1014 2091 ex
1040 2031 1074 2091 te
1097 2050 1164 2093 non
1187 2030 1228 2093 de
1251 2025 1255 2115 Ι

245 2142 273 2193 p.
288 2115 354 2193 194]
376 2116 499 2195 nostre,
522 2112 578 2177 sed
601 2112 640 2176 de
663 2114 752 2177 omni
773 2135 809 2176 re
827 2113 958 2197 publica
977 2116 1157 2198 quaesisset
1174 2116 1257 2181 Lae-

245 2201 318 2265 lius.
353 2199 423 2265 Nec
444 2204 555 2264 tamen
577 2200 674 2265 didici
697 2223 735 2265 ex
758 2201 904 2266 oratione
926 2204 998 2285 tua,
1024 2203 1124 2267 istam
1146 2204 1258 2289 ipsam

245 2311 314 2353 rem
341 2288 520 2373 publicam,
550 2310 647 2371 quem
675 2288 803 2371 laudas,
830 2310 894 2374 qua
921 2289 1105 2375 disciplina,
1133 2292 1256 2376 quibus
1271 2308 1295 2347 ²⁰

246 2376 390 2442 moribus
420 2379 476 2441 aut
503 2376 631 2462 legibus
660 2376 856 2441 constituere
882 2378 934 2442 vel
961 2399 1152 2443 conservare
1178 2403 1256 2465 pos-

247 2466 356 2529 simus

194 2536 236 2598 39
312 2552 375 2618 Hic
398 2552 583 2618 Africanus:
606 2551 692 2616 Puto
714 2552 809 2617 nobis
830 2574 907 2617 mox
928 2553 968 2617 de
989 2553 1197 2619 instituendis
1222 2560 1257 2621 et

194 2612 474 2706 65conservandis
498 2640 685 2705 civitatibus
708 2640 880 2723 aptiorem,
902 2639 1040 2725 Tubero,
1061 2641 1132 2707 fore
1155 2643 1256 2709 disse

246 2728 341 2793 rundi
371 2728 492 2809 locum;
521 2727 560 2791 de
587 2728 712 2811 optimo
740 2731 849 2791 autem
876 2731 966 2793 statu
993 2729 1141 2812 equidem
1168 2733 1254 2796 arbi·
1266 2745 1290 2788 ²⁵

246 2844 274 2895 p.
294 2816 360 2895 143]
384 2776 497 2878 trobai
519 2836 570 2877 me
594 2819 645 2878 sat
646 2815 675 2878 is
697 2812 911 2901 responldisse
930 2816 1030 2897 adid,
1054 2818 1140 2901 quod
1158 2841 1255 2902 quae

247 2902 347 2967 sierat
360 2900 499 2966 Laelius.
526 2901 672 2966 Primum
686 2902 772 2966 enim
784 2924 918 2967 numero
933 2866 1119 2969 definieram
1134 2927 1255 2991 genera

247 2990 415 3057 civitatum
360 2990 503 3055 umtria
520 2990 713 3075 probabilia,
734 2991 916 3093 perniciosa
935 2996 1043 3057 autem
1060 2993 1167 3057 tribus
1185 2995 1253 3059 illis

246 3083 297 3144 tot
283 3079 383 3143 tidem
406 3078 582 3161 contraria,
610 3077 800 3162 nullumque
823 3100 862 3142 ex
884 3080 931 3144 eis
953 3103 1054 3145 unum
1077 3102 1148 3145 esse
1171 3084 1254 3184 opti·

246 3191 344 3251 mum,
368 3166 424 3231 sed
445 3166 480 3230 id
502 3169 682 3251 praestare
691 3166 840 3252 singulis
862 3167 948 3251 quod
971 3190 988 3231 e
1010 3168 1116 3233 tribus
1138 3169 1252 3254 primis
1265 3186 1289 3227 ³⁰

195 3268 275 3335 esp
296 3219 361 3336 14i]
385 3258 471 3319 esset
499 3253 622 3319 modice
650 3258 811 3338 temperat
812 3277 876 3318 um.
921 3254 1013 3330 Quod
1037 3259 1044 3338 l
1066 3259 1176 3321 autem
1203 3279 1253 3321 ex-

248 3344 355 3442 emplo
377 3347 510 3407 nostrae
529 3341 672 3406 civitatis
694 3364 772 3407 usus
792 3363 872 3425 sum,
894 3365 961 3409 non
979 3344 1020 3407 ad
1039 3343 1253 3409 definiendum

247 3430 408 3513 optimum
436 3434 558 3493 statum
585 3430 690 3493 valuit
718 3426 808 3513 (nam
833 3429 866 3492 id
887 3430 959 3495 fieri
980 3431 1088 3515 potuit
1112 3432 1180 3495 sine
1203 3455 1252 3497 ex-

247 3514 383 3603 emplo),
420 3517 475 3580 sed
512 3521 550 3581 ut
586 3516 719 3581 civitate
751 3517 892 3581 maxima
910 3540 1038 3603 ⁸reapse
1071 3524 1253 3585 cerneretur
1330 3517 1332 3620 l

248 3603 343 3687 quale
366 3606 452 3667 esset
473 3603 516 3688 id,
542 3604 628 3687 quod
650 3604 735 3668 ratio
759 3604 927 3689 oratioque
951 3606 1155 3671 describeret.
1197 3607 1286 3673 Sino
1330 3639 1331 3642 κ
