2675 4209
136 250 140 259 '
230 277 295 343 368
586 278 635 331 oe
653 278 703 333 ee
720 277 878 333 coemes

230 422 461 488 somniantium
483 422 754 507 philosophorum
776 444 847 487 esse
869 426 1052 487 commenta
1068 445 1138 489 nec
1158 425 1264 490 fabu-

230 512 280 575 las
307 511 523 595 incredibiles,
552 532 643 594 quas
654 510 807 595 Epicurei
835 510 995 595 derident,
1022 512 1078 576 sed
1099 514 1263 597 pruden-

229 600 312 664 tium
336 600 545 665 coniecturas.
585 600 736 664 Insinuat
755 598 928 681 sepcies
949 601 1053 678 illum,
1076 603 1139 681 qui
1164 603 1265 666 Kar·
1323 639 1325 658 ι

229 688 352 771 tlieqi'ne
373 688 536 771 subiuqata
557 708 723 770 copnomen
740 687 883 768 familiae
901 690 1020 769 peperit
1039 690 1265 768 Africanum,
1323 719 1325 762 ;

228 776 300 841 linio
321 775 473 857 Scipioni,
495 776 592 841 Pauli
612 777 693 857 filio,
712 776 839 856 suturas
860 796 883 839 a
899 778 1085 858 propinquis
1106 779 1291 842 insidiasi

229 869 259 929 et
282 864 392 945 fatalis
416 869 512 929 metae
534 866 715 929 denuntiare
735 864 936 943 summulam,
964 867 1046 945 quod
1065 868 1268 931 necessitate

229 972 427 1016 nunicromm
449 954 484 1017 i'n
500 954 581 1017 vitae
591 952 744 1033 perfectae
761 957 897 1033 tempora
912 958 1073 1031 coemitur,
1092 956 1266 1035 ponitque
1313 999 1321 1013 ,

229 1040 321 1104 illum
346 1041 456 1104 aetatis
481 1060 556 1105 suae
580 1042 830 1122 qninquaqesimo
851 1060 889 1105 ae
909 1046 993 1105 seito
1014 1062 1100 1106 anno
1122 1043 1267 1107 dnobus
1299 1018 1324 1154 ς

230 1129 266 1191 in
287 1147 318 1192 se
339 1128 513 1193 coinntibus
534 1130 672 1193 nnnaeris
692 1129 863 1193 absolutam
884 1130 966 1193 caelo
984 1131 1136 1208 animum,
1165 1131 1265 1194 unde
1318 1159 1322 1170 ·

230 1220 392 1298 despuat,
422 1217 625 1294 redditurum,
656 1218 738 1299 quod
765 1221 795 1281 et
824 1218 1009 1282 immortalis
1035 1223 1111 1282 esset
1139 1218 1265 1282 animi
1278 1233 1303 1272 ιο

230 1306 396 1386 mentisque
423 1304 595 1369 substantia
623 1310 653 1369 et
678 1306 750 1370 bene
775 1306 894 1369 meritis
919 1306 955 1370 de
980 1306 1173 1387 republica
1192 1327 1263 1389 pa·

231 1394 364 1476 triaeque
389 1394 560 1458 custodibus
582 1394 670 1457 melei
690 1393 799 1458 circuli
821 1393 922 1457 lucida
945 1413 982 1457 ac
1003 1394 1137 1459 cundem
1159 1395 1261 1459 habi-

231 1484 307 1547 tatio
337 1482 499 1547 deberetur
541 1481 717 1564 (Fauonius
747 1481 900 1563 Euloqius
932 1502 1038 1546 comm
1068 1484 1113 1546 ad
1143 1503 1260 1548 somn.

197 1569 313 1683 4Soi'p.
330 1591 364 1652 p.
387 1575 450 1635 401
474 1568 541 1652 Or.)

197 1699 215 1747 4
298 1659 373 1723 Non
398 1658 480 1723 nulli
505 1658 604 1723 nostri
623 1663 752 1740 propter
777 1658 931 1740 quoddam
951 1658 1296 1739 praeclarissimum1⁵
1324 1691 1326 1694 ·

233 1747 374 1828 tepuendi
392 1766 489 1827 penus
510 1751 540 1810 et
555 1751 683 1828 propter
703 1766 767 1811 non
787 1746 886 1824 nulla,
909 1767 987 1827 quae
1007 1748 1155 1811 verenter
1180 1768 1256 1812 sen·

233 1837 282 1911 tit,
310 1838 448 1898 amantes
470 1833 636 1899 Platonem
661 1835 769 1899 dicunt
755 1839 864 1898 teum
889 1835 1011 1915 aliquid
1029 1836 1132 1899 simile
1153 1836 1256 1900 nobis

232 1923 326 1986 etiam
347 1922 383 1986 de
400 1926 590 1987 mortuorum
607 1924 825 1987 resurrectione
840 1924 976 1987 sensisse.
1013 1922 1101 2003 Qiiod
1117 1925 1255 2004 quidem

233 2012 277 2075 se
299 2011 399 2092 unqu
418 2011 454 2075 ii
477 2011 565 2076 cieris
581 2012 618 2076 a
635 2032 668 2075 re
679 2010 807 2093 mirica
821 2010 952 2089 sociiis,
974 2013 1104 2074 uisum
1123 2011 1253 2075 lusisse
1303 1973 1320 2076 l

233 2098 342 2183 potius
372 2120 469 2182 quim
497 2098 628 2183 †quod
656 2099 691 2163 id
719 2120 831 2163 verum
861 2120 931 2162 esse
958 2098 1108 2163 adfirmet
1137 2100 1253 2165 dicere
1267 2078 1327 2190 ”i

233 2186 383 2251 voluisse.
422 2188 550 2253 Induat
574 2189 656 2251 enim
686 2187 847 2252 bominem
869 2187 1015 2251 rceiirsse
1041 2191 1072 2251 et
1095 2208 1252 2253 narrasse

233 2276 395 2358 quaedam,
430 2296 509 2357 qnae
538 2276 711 2341 Platonicis
743 2275 999 2356 disputationibus
1028 2276 1250 2358 conqruebant.

199 2364 442 2488 5(Anquslinns
463 2366 500 2430 de
520 2366 576 2429 civ.
598 2366 647 2429 dei
668 2363 783 2428 XXII
799 2362 868 2446 28.)

299 2453 343 2519 In
364 2454 419 2518 boc
439 2454 485 2518 vel
502 2455 636 2518 manime
653 2453 752 2554 operis
767 2452 1001 2516 similitudinem
1018 2453 1184 2517 seruauit
1168 2453 1247 2517 imi-

199 2501 322 2619 ⁶tatio,
348 2543 440 2622 qnod,
467 2562 537 2607 euni
558 2542 695 2607 Plato
680 2561 717 2604 in
736 2540 902 2605 uoluminis
923 2539 976 2622 (de
995 2539 1148 2621 republ)
1170 2554 1282 2606 con-2⁵
1320 2547 1327 2581 ³

234 2590 366 2694 clusibne
383 2632 550 2710 aquodam
562 2632 643 2694 uitae
654 2630 779 2706 reddito,
797 2649 892 2710 quum
904 2628 1061 2709 reliquisse
1073 2628 1245 2706 uidebatur,

234 2718 369 2781 indicari
392 2717 504 2797 faciut,
531 2719 585 2798 qui
609 2720 651 2782 sit
639 2722 834 2782 teintarum
855 2717 1030 2799 corporibus
1050 2720 1151 2781 status
1172 2719 1245 2782 ani·

235 2824 372 2881 marnm,
402 2805 521 2868 adiuta
546 2807 681 2887 quadani
706 2805 907 2887 sphaerarum
937 2804 983 2868 uel
1013 2804 1148 2868 sidenem
1179 2825 1245 2870 non

236 2892 333 2956 otiosa
349 2893 555 2975 desciptione,
571 2914 677 2957 rernm
692 2894 787 2974 facies
803 2913 867 2957 non
881 2892 1048 2958 dissimilia
1060 2893 1245 2974 sipiificans

236 3003 257 3046 a
282 2981 427 3047 Tulliano
450 2979 591 3064 Scipione
610 3002 668 3062 per
694 2982 823 3062 quietern
849 2981 909 3046 sibi
934 2982 1052 3063 inqesta
1077 2986 1242 3047 narratur.
1256 2995 1280 3036 ³⁰

201 3068 706 3227 6(Magrliicmorllinimulllili
724 3068 926 3222 iioi'iiliiore
947 3157 1061 3221 iudicio
1082 3176 1243 3224 rudinus
1298 3119 1322 3270 <

235 3270 329 3330 qnam
355 3249 477 3332 inqenio
503 3252 638 3330 repertus
664 3252 716 3311 est.
755 3245 924 3327 Postquam
950 3246 986 3308 in
1011 3247 1096 3309 omni
1117 3247 1164 3310 rei
1180 3267 1242 3327 pn-

236 3338 330 3403 blicae
351 3340 411 3403 otio
433 3356 471 3401 ac
492 3337 608 3418 nepotio
624 3335 767 3418 palmam
788 3334 925 3399 iustitiae
947 3333 1132 3415 disputando
1150 3335 1240 3413 dedit,

235 3444 340 3490 sacras
370 3426 592 3490 immortalium
623 3426 802 3489 animarum
828 3423 911 3487 sedes
935 3426 965 3485 et
990 3422 1162 3487 caelesdnm
1188 3436 1277 3487 ar-ii

235 3532 314 3577 euno
340 3515 497 3595 reqionum
525 3514 649 3595 inipso
671 3511 874 3577 miniimmati
896 3511 995 3592 operis
1014 3509 1141 3592 fastigio
1163 3510 1240 3576 loca-

234 3601 280 3664 eit
304 3602 459 3678 indicans,
485 3620 545 3682 qno
572 3600 620 3665 liis
641 3600 878 3682 pemaniendnm
905 3598 951 3664 uel
967 3599 1073 3681 potius
1094 3604 1239 3664 revetere
