2675 4209
229 271 293 337 362
587 270 636 325 ou
654 271 703 325 aa
722 270 875 325 Poenica

227 416 348 503 privati
374 420 484 502 petere
512 416 661 480 solebant
690 439 711 481 a
736 416 882 501 regibus,
912 416 954 480 cb
978 437 1097 499 easque
1119 435 1236 480 causas

229 506 301 605 agri
329 506 398 569 arvi
426 508 460 569 et
487 505 613 605 arbusti
641 508 674 569 et
700 504 814 606 pascui
841 504 901 605 lati
924 507 1022 655 altque
1045 504 1161 568 uberes
1185 504 1238 604 de
1261 488 1336 640 {ql

227 594 529 766 lffgtlanlllsqlt
547 595 1239 765 lztttffttsstilluttttttlttgt?
1266 643 1335 799 Q

229 792 305 835 cura
332 792 352 834 a
377 770 573 854 populorum
600 769 697 833 rebus
725 769 905 833 abduceret.
947 767 1018 833 Nec
1046 790 1122 833 vero
1151 759 1335 854 quis-sl

229 880 326 941 quarn
353 857 500 941 privatus
529 860 600 921 erat
623 857 821 941 disceptator
844 860 902 921 aut
924 856 1047 921 arbiter
1069 856 1152 939 litis,
1179 856 1240 920 sed

227 972 255 1025 p.
274 947 340 1025 248]
365 945 473 1009 omnia
500 942 762 1032 conlficiebantur
788 945 914 1009 iudiciis
937 944 1046 1030 regiis.
1090 944 1135 1008 Et
1153 943 1240 1008 mihi
1273 917 1338 1032 isflss'

228 1033 356 1117 quidem
383 1033 511 1097 videtur
532 1032 642 1098 Numa
667 1037 780 1097 noster
809 1034 949 1098 maxime
977 1032 1121 1096 tenuisse
1149 1032 1239 1097 hunc
1273 1026 1328 1114 ssflll

227 1143 350 1185 morem
368 1124 510 1185 veterem
525 1120 680 1187 Graeciae
698 1143 821 1206 regum.
856 1122 943 1186 Nam
962 1120 1069 1204 ceteri,
1093 1120 1156 1184 etsi
1173 1121 1240 1185 hoc
1274 1116 1336 1156 ‘³¹'

227 1232 353 1294 quoquc
380 1232 512 1273 munere
534 1210 768 1295 fungebantur,
795 1230 950 1295 magnam
971 1213 1083 1272 tamen
1104 1213 1239 1293 partem
1252 1201 1337 1298 „fu

226 1298 314 1362 bella
342 1301 511 1383 gesserunt
538 1300 571 1361 et
599 1320 710 1363 eorum
736 1297 808 1362 iura
831 1298 1013 1379 coluerunt3
1042 1296 1103 1361 illa
1124 1302 1240 1361 autem
1279 1293 1333 1373 *l

227 1386 377 1449 diuturna
399 1408 463 1471 pax
480 1384 607 1450 Numae
631 1388 736 1449 mater
757 1386 833 1449 huic
854 1386 929 1450 urbi
950 1386 1030 1449 iuris
1054 1388 1087 1448 et
1104 1386 1240 1471 religio·
1278 1377 1304 1470 J*
1337 1394 1338 1403 ’

225 1474 276 1538 nis
299 1474 371 1557 fuit,
394 1474 450 1557 qui
471 1475 581 1559 legum
605 1474 704 1537 etiam
728 1475 868 1557 scriptor
888 1474 1015 1556 fuisset,
1038 1495 1119 1557 quas
1143 1476 1238 1539 scitis
1282 1470 1327 1562 ,ue

227 1565 349 1645 extare,
379 1562 465 1645 quod
495 1562 623 1646 quidem
652 1562 748 1626 huius
780 1562 860 1626 civis
889 1560 1070 1646 proprium,
1100 1562 1140 1626 de
1171 1586 1239 1647 quo
1288 1557 1338 1652 'fl'

227 1673 246 1714 a
270 1651 369 1715 imus
385 1700 392 1713 .
407 1700 436 1714 ..
1254 1648 1336 1710 adue

188 1711 209 1837 {l¹
248 1672 340 1803 gill.
364 1738 487 1803 Tullius
508 1740 544 1803 de
565 1740 700 1820 republ.
723 1740 773 1803 ct.
801 1738 844 1804 V:
871 1738 928 1803 sed
954 1742 1065 1801 tamen
1087 1742 1124 1801 ut
1146 1738 1238 1803 bono
1292 1714 1334 1825 El}

226 1826 314 1909 patri
331 1825 474 1890 familias
494 1826 628 1908 colendi,
652 1825 850 1909 aedificandi,
868 1826 1083 1891 ratiocinandi
1102 1826 1237 1909 quidam
1302 1827 1336 1898 'sl'-

228 1935 305 1977 usus
329 1934 410 1999 opus
434 1916 492 1978 est.
528 1913 668 1996 (Nonius
684 1936 718 1996 p.
740 1920 815 1979 497.
837 1916 903 1995 19.)
1292 1954 1296 2000 1
1311 1916 1331 1956 a

192 2017 208 2067 t
226 2031 254 2083 p.
274 2004 339 2082 253]
414 2001 661 2067 ....rodicum
689 2002 912 2086 seminumque
939 2023 1133 2087 cognoscere
1154 2024 1240 2068 num
1301 1988 1337 2048 ll

226 2094 260 2155 te
283 2089 445 2155 offendet?
476 2090 524 2155 M.
543 2089 645 2172 Nihil,
668 2091 697 2154 si
719 2091 814 2154 modo
834 2112 915 2174 opus
934 2090 1068 2155 extabit.
1093 2089 1128 2156 S.
1145 2089 1239 2156 Num
1254 2080 1335 2188 coll*

226 2179 260 2243 id
293 2178 436 2242 studium
467 2198 578 2241 censes
611 2200 681 2242 esse
712 2178 823 2242 vilici?
866 2179 912 2244 M.
934 2177 1082 2262 Minime,
1114 2178 1239 2263 quippe
1300 2173 1338 2250 {ll

227 2289 299 2332 cum
319 2267 569 2351 agriculturam
589 2266 778 2349 saepissime
797 2288 896 2350 opera
914 2265 1051 2331 deficiat.
1082 2265 1115 2331 S.
1132 2266 1240 2352 Ergo,
1305 2277 1336 2308 ¹

226 2358 264 2420 ut
281 2354 397 2420 vilicus
415 2358 566 2419 naturam
585 2355 657 2440 agri
674 2354 776 2437 novit,
795 2353 1000 2438 dispensator
1019 2354 1148 2419 litteras
1162 2356 1240 2440 scit,
1306 2339 1337 2402 ll

226 2447 362 2528 uterque
386 2447 494 2507 autem
517 2464 552 2509 se
573 2465 592 2507 a
611 2442 764 2507 scientiae
782 2442 996 2506 delectatione
1014 2444 1056 2507 ad
1074 2442 1240 2509 efficiendi
1261 2464 1264 2467 ’
1312 2422 1335 2502 ll

225 2533 403 2596 utilitatem
426 2531 539 2613 refert,
567 2530 613 2595 sio
634 2534 746 2595 noster
768 2529 822 2594 hic
843 2533 949 2595 rector
972 2530 1132 2595 studuerit
1155 2554 1238 2598 sane
1252 2550 1278 2591 25
1322 2539 1335 2570 ¹=

225 2620 290 2685 iuri
312 2623 345 2684 et
365 2619 493 2704 legibus
513 2619 753 2704 cognoscendis,
774 2617 876 2682 fontis
895 2618 1025 2702 quidem
1044 2642 1153 2683 earum
1172 2622 1239 2686 uti·
1328 2629 1338 2655 '¹

225 2707 674 2879 {adtlettlsstllssttlr
690 2706 1238 2879 lidplialffillnllllldlstllitll
1334 2809 1338 2836 ·

225 2906 294 2949 rem
321 2883 486 2970 publicam
509 2883 598 2948 etin
621 2905 660 2947 ea
683 2846 941 2968 quodaminodo
964 2882 1096 2947 vilicare
1117 2886 1236 2969 possit,

227 2972 346 3038 summi
372 2972 451 3037 iuris
476 2972 708 3057 peritissimus,
735 2971 805 3035 sine
828 2992 892 3055 quo
914 2971 1020 3035 iustus
1043 2992 1113 3035 esso
1135 2993 1235 3039 nemo
1250 2990 1279 3031 ro

224 3064 344 3148 potest,
367 3059 472 3127 civilis
493 3082 561 3125 non
582 3060 749 3144 inperitus,
773 3060 829 3123 sed
851 3061 907 3141 ita,
930 3062 968 3121 ut
990 3062 1153 3123 astrorum
1177 3081 1237 3145 gn-
1333 3068 1335 3071 ’

225 3152 392 3233 bernator,
419 3148 627 3233 physicorum
651 3148 806 3231 medicus3
833 3150 969 3230 uterque
992 3147 1078 3210 enim
1100 3147 1168 3211 illis
1192 3150 1237 3213 ad

226 3245 330 3303 artem
354 3260 446 3302 suam
469 3237 581 3319 utitur,
604 3236 661 3301 sed
683 3257 718 3301 se
741 3259 761 3300 a
784 3258 841 3300 suo
865 3256 997 3299 munere
1014 3256 1082 3300 non
1098 3236 1236 3320 inpedit.

224 3327 310 3391 Illud
333 3330 442 3391 autem
464 3324 589 3389 videbit
611 3324 664 3388 hic
686 3324 751 3388 vir.
766 3374 774 3388 .
788 3374 817 3387 ..

184 3386 207 3511 ’ὲ
225 3443 252 3493 p.
268 3418 331 3495 199]
407 3411 685 3495 ...multatibus
711 3412 747 3475 in
774 3412 890 3495 quibus
918 3414 1074 3495 expetunt
1101 3410 1234 3477 laudem
1249 3428 1277 3469 ³⁵

225 3501 350 3586 optumi
369 3505 402 3565 et
422 3501 526 3584 decus,
549 3500 763 3586 ignominiam
779 3499 911 3585 fugiunt
929 3522 967 3564 ac
986 3499 1132 3565 dedecus.
1163 3498 1234 3565 Nec

223 3611 299 3655 vero
328 3594 396 3653 tam
424 3591 514 3653 metu
541 3609 709 3672 poenaque
732 3592 908 3673 terrentur,
936 3610 1018 3673 quae
1041 3591 1091 3652 est
1113 3589 1233 3653 consti-
