2675 4209
228 276 294 342 334
580 269 630 329 DE
648 274 697 329 RE
715 274 871 329 PUBLICA

227 424 297 489 bus.
332 420 440 485 Pluris
463 440 540 485 vero
563 419 643 485 haec
665 419 744 484 tulit
765 440 832 484 una
852 419 983 503 civitas,
1005 419 1168 485 siminus
1201 442 1265 485 sae

227 511 359 598 pientis,
387 508 540 593 quoniam
567 508 600 571 id
626 528 745 572 nomen
771 508 823 572 illi
848 511 918 573 tam
940 508 1090 572 restricte
1113 511 1263 592 tenent,

227 604 262 666 at
294 602 380 665 certe
411 618 539 661 summa
568 595 663 659 laude
693 596 824 681 dignos,
855 596 1009 679 quoniam
1038 596 1263 680 sapientium

226 690 400 774 praecepta
429 688 463 748 et
491 685 625 747 inventa
650 684 829 748 coluerunt.
873 684 984 768 Ktque
1010 684 1124 767 etiam,
1154 690 1261 767 quot

226 805 254 856 p.
264 779 313 856 24]
332 778 366 839 et
389 777 465 837 sunt
486 771 666 835 laudandae
689 771 838 836 civitates
856 774 890 836 et
907 771 1048 853 fuerunt,
1070 769 1258 857 quolniam
1290 790 1305 830 ⁵

226 865 260 929 id
282 862 389 928 estin
411 881 519 925 rerum
541 862 659 923 natura
682 860 779 945 longe
802 859 936 924 maximi
958 859 1095 941 consilii,
1118 862 1259 924 consti-

227 956 317 1017 tuere
344 970 416 1013 earn
442 969 513 1012 rem
539 947 718 1032 publicam,
746 969 829 1030 quae
851 947 958 1032 possit
980 968 1051 1012 esse
1074 947 1255 1031 diuturna,

226 1040 255 1103 si
277 1038 424 1123 singulos
447 1056 651 1099 numeremus
675 1035 712 1098 in
732 1035 888 1121 singulas,
912 1039 1035 1119 quanta
1056 1036 1124 1099 iam
1145 1058 1253 1120 repe-
1306 1032 1319 1107 t

225 1128 330 1191 riatur
360 1124 506 1190 virorum
538 1123 764 1187 excellentium
796 1123 986 1189 multitudo!
1023 1122 1145 1198 Quodsi
1176 1128 1251 1188 aut

225 1214 341 1279 Italiae
372 1212 503 1277 Latium
540 1215 597 1275 aut
628 1211 771 1275 eiusdem
803 1209 959 1276 Sabinam
990 1215 1048 1276 aut
1078 1210 1248 1276 Volscam
1266 1230 1298 1269 1⁰

226 1308 369 1419 pentem,
397 1301 425 1365 si
448 1298 629 1381 Samnium,
657 1300 687 1363 si
707 1299 889 1382 Etruriam,
913 1301 941 1363 si
963 1320 1119 1385 magnam
1142 1300 1247 1364 illam

226 1391 395 1456 bracciam
418 1388 618 1453 conlustrare
638 1387 745 1451 animo
764 1388 972 1472 voluerimus,
994 1388 1024 1451 si
1042 1387 1157 1453 deinde
1174 1388 1245 1453 As-

225 1480 338 1564 syrios,
361 1478 390 1543 si
410 1475 537 1560 Persea,
560 1474 589 1540 si
610 1474 747 1559 Poenos,
770 1476 799 1540 si
820 1475 932 1541 haee..
974 1525 983 1541 .

429 1616 670 1699 [Desideruatur
686 1617 824 1699 popinae
845 1617 1024 1698 duodecim]

185 1712 251 1837 ξι),
267 1744 315 1823 21]
389 1739 544 1805 ...cati
589 1738 634 1802 Et
660 1737 788 1803 Philus:
820 1739 1027 1804 Praeclaram
1056 1761 1135 1805 vero
1162 1763 1237 1806 cau-

225 1853 294 1895 sam
318 1827 360 1892 ad
381 1848 432 1891 me
451 1826 595 1909 defertis,
616 1848 688 1891 cum
707 1849 759 1890 me
776 1828 998 1912 improbitatis
1017 1828 1234 1911 patrocinium
1252 1844 1281 1883 1⁵

225 1918 386 2001 suscipere
408 1915 517 1980 voltis.
554 1913 657 1996 Atqui
679 1914 713 1978 id
735 1915 810 1999 tibi,
832 1916 939 1999 inquit
961 1915 1101 1999 Laelius,
1123 1939 1233 1981 veren-

225 2008 300 2071 dum
323 2008 386 2088 est,
410 2004 438 2067 si
461 2025 499 2067 ea
522 2002 649 2086 dixeris,
673 2015 755 2087 quae
778 2008 891 2068 contra
913 2004 1075 2068 iustitiam
1097 2004 1161 2069 diei
1183 2028 1232 2069 so-

223 2096 307 2176 lent,
337 2114 378 2156 ne
412 2092 458 2157 sic
485 2091 585 2155 etiam
612 2091 733 2156 sentire
760 2092 902 2175 videare,
928 2114 1001 2156 cum
1029 2097 1062 2156 et
1088 2092 1160 2177 ipse
1186 2093 1232 2157 sis
1298 2106 1312 2143 ‘2

225 2182 318 2267 quasi
344 2180 475 2245 unicum
502 2180 686 2263 exemplum
713 2180 866 2263 antiquae
894 2180 1069 2264 probitatis
1097 2186 1131 2244 et
1157 2182 1234 2245 fidei

223 2292 326 2355 neque
355 2269 398 2332 sit
425 2269 540 2353 ignota
567 2268 764 2332 consuetudo
787 2272 845 2332 tua
867 2269 1047 2333 contrarias
1069 2268 1105 2331 in
1126 2270 1232 2353 partis
1245 2285 1271 2323 ²⁰

225 2357 414 2440 disserendi,
446 2357 531 2441 quod
557 2356 606 2419 ita
631 2355 796 2420 facillume
823 2378 936 2421 verum
962 2356 1100 2420 inveniri
1128 2358 1233 2440 putes.

223 2477 252 2528 p.
271 2450 319 2528 aa]
347 2446 391 2510 Et
413 2445 541 2509 Philus:
571 2442 655 2507 Heia
681 2466 772 2527 vero,
800 2444 920 2527 inquit,
950 2466 1063 2529 geram
1083 2444 1088 2525 l
1108 2467 1233 2510 morem

223 2536 317 2602 vobis
336 2539 370 2598 et
388 2556 438 2598 me
457 2532 601 2597 oblinam
620 2531 738 2615 sciens3
761 2533 1026 2615 quodquoniam,
1046 2532 1101 2616 qui
1117 2556 1233 2598 aurum

225 2625 392 2709 quaenunt,
414 2643 481 2685 non
497 2623 615 2703 putant
634 2620 698 2683 sibi
715 2621 935 2703 recusandum,
958 2642 1027 2704 nos,
1050 2642 1123 2684 cum
1141 2622 1233 2686 iusti·
1310 2641 1315 2696 2

224 2713 306 2776 tiam
329 2728 530 2792 quaeramus,
552 2729 621 2770 rem
644 2709 748 2772 multo
768 2709 857 2772 omni
875 2730 954 2773 auro
973 2709 1140 2793 cariorem,
1162 2711 1231 2774 nul·
1243 2722 1265 2762 2⁵

225 2800 292 2863 lam
318 2794 464 2881 profecto
493 2794 678 2859 molestiam
695 2795 817 2881 ¹fugere
840 2797 1002 2861 debemus.
1038 2797 1148 2881 Atque
1171 2798 1231 2863 uti-

223 2908 314 2968 nam,
344 2904 439 2967 quem
470 2882 668 2947 admodum
696 2884 843 2949 oratione
870 2906 941 2948 sum
968 2906 1085 2949 usurus
1116 2886 1230 2968 aliena,

225 2975 271 3040 sic
294 2972 375 3038 mihi
398 2993 452 3036 ore
475 2970 525 3035 uti
546 2969 657 3034 liceret
681 2972 799 3036 alieno!
832 2972 926 3037 Nunc
948 2994 987 3036 ea
1004 2973 1138 3037 dicenda
1155 2978 1231 3038 sunt

224 3064 259 3130 L.
289 3060 387 3127 Furio
417 3059 526 3141 Philo,
560 3080 641 3141 quae
672 3056 867 3144 Carneades,
899 3059 1039 3125 Graecus
1070 3061 1169 3126 homo
1198 3066 1230 3127 et

225 3155 405 3232 consuetus,
429 3147 515 3233 quod
537 3147 741 3211 commodum
764 3153 858 3230 esset,
880 3149 1002 3214 verbis.
1017 3198 1025 3213 .
1039 3197 1069 3213 ..
1241 3163 1263 3203 ³⁰

380 3288 575 3370 [Desiderari
597 3288 738 3353 uideatur
753 3290 891 3370 pupiilae
911 3291 1077 3370 quuttmr]

191 3427 208 3477 9
293 3386 340 3479 M
362 3413 485 3477 Tollius
507 3412 544 3475 dc
564 3432 599 3475 rc
614 3412 701 3492 plebi.
724 3410 773 3474 bb.
787 3410 846 3474 II:
868 3414 906 3474 ut
925 3409 1082 3475 Carneadi
1101 3434 1228 3497 respon-

226 3502 339 3584 deatis,
363 3500 417 3583 qui
441 3521 537 3583 saepe
561 3498 701 3582 optimas
724 3519 838 3562 causas
860 3498 984 3584 ingenii
1006 3501 1168 3565 calumnia
1185 3503 1228 3566 lu·

227 3589 349 3653 difieari
372 3588 464 3651 solet.
500 3586 640 3666 (Nonius
656 3608 692 3667 p.
713 3590 787 3651 263.
809 3587 875 3666 14.)
