2675 4209
255 259 320 323 292
616 260 666 315 DE
683 260 733 314 RE
750 260 905 315 PUBLIOA

253 402 435 488 perniciosa
462 403 527 468 alia
549 403 643 488 vitia3
669 405 796 468 nullum
819 408 870 469 est
892 404 975 469 enim
1001 426 1102 491 genus
1124 406 1267 471 illarum

252 512 360 555 rerum
384 492 596 577 publicarum,
618 492 704 575 quod
722 514 788 557 non
805 492 925 557 habeat
943 494 1006 557 iter
1024 493 1065 556 ad
1082 493 1268 559 finitimum

253 579 413 663 quoddam
436 580 559 644 malum
576 602 730 664 praeceps
749 601 787 644 ao
804 566 974 645 libitum.
1005 579 1091 644 Nam
1109 582 1160 645 illi
1178 584 1267 667 regi,

252 670 290 731 ut
308 688 382 731 eum
399 667 606 753 potissimum
623 668 797 750 nominem,
819 669 986 733 tolerabili
1008 673 1074 752 aut,
1097 669 1126 732 si
1148 670 1267 754 voltis,

253 755 351 819 etiam
373 756 515 839 amabili,
538 754 632 838 Cyro,
655 756 766 820 subest
785 756 826 820 ad
844 756 1026 820 inmutandi
1043 756 1144 820 animi
1161 757 1266 822 licen-

251 871 279 922 p.
299 845 364 923 226]
393 843 474 907 tiam
501 842 742 907 crudelissimus
768 842 834 929 illle
856 844 1019 928 Phalaris,
1047 844 1136 909 cuins
1159 844 1195 908 in
1219 848 1266 910 si-

252 930 468 995 militudinem
498 930 682 995 dominatus
709 931 804 996 unius
830 933 967 1015 proclivi
990 954 1085 996 cursu
1107 936 1140 997 ct
1161 932 1265 998 facile

253 1017 423 1083 delabitur.
458 1017 514 1083 Illi
533 1020 642 1082 autem
655 1017 908 1083 Massiliensium
925 1042 1102 1104 paucorum
1120 1023 1154 1083 et
1171 1022 1264 1105 prin-

253 1106 360 1189 cipum
384 1105 659 1170 administrationi
681 1106 825 1171 civitatis
846 1108 1004 1171 finitimus
1028 1112 1092 1190 est,
1116 1108 1171 1191 qui
1193 1108 1264 1173 fuit

254 1193 393 1276 quodam
421 1197 569 1278 tempore
599 1193 686 1277 apud
712 1194 929 1259 Athenienses
954 1196 1094 1281 triginta
1120 1198 1264 1262 virorum
1281 1215 1308 1253 10

252 1302 427 1346 consensus
455 1285 488 1345 et
514 1281 624 1346 factio.
664 1279 735 1346 Iam
758 1281 1006 1347 Atheniensium
1032 1283 1146 1367 populi
1167 1288 1264 1368 pote

253 1373 372 1433 statem
400 1370 544 1434 omnium
571 1391 680 1433 rerum
701 1370 779 1454 ipsi,
805 1392 846 1435 ne
869 1371 951 1435 alios
974 1370 1189 1455 requiramus,
1217 1373 1263 1437 ad

251 1456 394 1523 furorem
417 1447 635 1523 multitudinis
658 1457 887 1542 licentiamque
905 1480 1094 1523 conversam
1111 1460 1262 1544 pesti...

496 1598 735 1678 [Desiderautur
751 1601 887 1682 popinae
908 1600 1008 1679 dirue]

198 1722 345 1825 451³·75]
418 1768 514 1785 .....
522 1718 714 1784 deterrimus
747 1725 780 1783 et
811 1742 850 1783 cx
880 1720 942 1785 hac
970 1722 1023 1785 vel
1051 1722 1262 1807 optimatium

252 1807 305 1872 vel
333 1806 473 1871 factiosa
501 1808 670 1888 tyrannica
698 1808 758 1871 illa
786 1808 839 1872 vel
869 1807 960 1892 regia
986 1810 1038 1873 vel
1067 1811 1165 1874 etiam
1187 1834 1261 1896 per·
1278 1827 1303 1869 15

254 1916 348 1978 saepe
370 1894 547 1978 popularia,
569 1894 712 1978 itemque
735 1917 773 1958 ex
796 1916 834 1959 ea
857 1916 958 1980 genus
981 1898 1113 1981 aliquod
1131 1899 1260 1965 ecflore-

254 2004 341 2049 scere
360 1982 493 2065 cirillia,
512 2002 594 2065 quae
613 1985 689 2046 ante
708 1982 782 2065 dixi,
800 1983 893 2064 solet,
912 1984 1049 2067 mirique
1068 1991 1144 2050 sunt
1163 1989 1259 2052 orbes

254 2074 287 2135 et
310 2070 403 2154 quasi
425 2070 612 2134 circumitus
634 2070 670 2133 in
692 2070 789 2135 rebus
811 2071 949 2155 publicis
968 2075 1259 2140 commutationum

253 2162 287 2223 et
316 2157 589 2241 vicissitudinum
622 2180 703 2242 quos
730 2181 802 2223 cum
830 2181 987 2245 cognosse
1016 2183 1052 2225 sa
1075 2163 1171 2226 ientis
1199 2168 1260 2247 est,

33 2240 149 2353 &im
183 2250 199 2277 ⁷
228 2249 324 2311 ‘lum
345 2267 422 2311 vero
445 2246 629 2329 prospicere
646 2246 850 2330 inpendentis
867 2248 903 2311 in
922 2185 1301 2336 gubenaffiWpu-‘a

30 2304 280 2468 Wstfflst‘p.
301 2336 347 2415 ro]
371 2334 457 2435 blica
484 2333 706 2435 moderantem
733 2356 862 2436 cursum
889 2338 986 2436 atque
1009 2337 1043 2400 in
1063 2336 1068 2419 Ι
1088 2360 1147 2439 sua
1169 2343 1261 2423 pote-

19 2492 222 2576 πω
253 2425 554 2593 {libellatis
574 2423 1025 2597 dimittimini
1038 2425 1260 2597 {titillat

19 2590 193 2753 Q
253 2598 392 2663 maxime
414 2597 617 2681 probandum
636 2620 706 2663 esse
725 2600 838 2683 sentio,
862 2600 946 2683 quod
966 2604 1016 2663 est
1034 2622 1072 2665 ex
1090 2600 1151 2685 his,
1175 2624 1258 2686 quae

253 2686 359 2771 prima
382 2685 457 2768 dixi,
480 2685 683 2750 moderatum
705 2690 738 2750 ct
760 2687 955 2769 permixtum
977 2687 1091 2752 tribus.
1274 2705 1297 2744 25

199 2744 244 2870 {g
319 2772 382 2837 Hic
399 2771 542 2837 Laelius:
566 2770 638 2839 Scio
660 2774 722 2838 tibi
745 2774 793 2838 ita
814 2775 949 2859 placere,
972 2775 1138 2860 Africane3
1161 2799 1258 2863 saepe

254 2861 340 2925 enim
363 2882 401 2925 ex
423 2864 456 2924 te
480 2860 601 2945 audivi3
628 2862 685 2926 sed
707 2865 831 2945 tamen,
853 2862 917 2926 nisi
940 2865 1113 2928 molestum
1136 2869 1195 2949 est,
1219 2889 1259 2930 ex

253 2950 360 3013 tribus
381 2948 454 3013 istis
478 2972 530 3014 mo
566 2970 714 3015 ererum
733 2949 936 3033 publicarum
954 2974 975 3016 v
1010 2951 1016 2964 '
1108 2952 1115 2965 '

254 3036 560 3132 optimummdi—ces
579 3036 665 3101 Nam
679 3036 731 3102 vel
744 3038 904 3122 profuerit
918 3038 1048 3123 aliquod
1061 3040 1103 3104 ad
1116 3062 1205 3127 cog..
1220 3090 1228 3107 .
1242 3091 1250 3107 .

503 3176 741 3257 [Desidercatur
755 3180 893 3262 popinae
914 3181 1013 3261 duae]

127 3270 128 3273 Ἴ
200 3262 243 3391 {71
254 3330 282 3382 p.
302 3302 350 3383 51]
424 3303 540 3367 ....et
566 3300 644 3365 talis
667 3303 718 3365 est
742 3322 885 3385 quaeque
907 3323 959 3365 res
981 3302 1124 3387 publica,
1151 3304 1255 3387 qualis
1270 3318 1294 3359 eo

255 3389 323 3454 eius
348 3392 405 3453 aut
426 3392 544 3454 natura
567 3391 624 3452 aut
645 3389 807 3472 voluntas,
830 3388 886 3471 qui
903 3389 995 3452 illam
1013 3390 1107 3475 regit.
1142 3390 1256 3476 Itaque

253 3476 345 3541 nulla
377 3475 442 3540 alia
470 3476 505 3540 in
537 3475 682 3559 civitate,
713 3474 777 3539 nisi
807 3475 842 3539 in
872 3497 936 3559 qua
967 3478 1079 3561 populi
1109 3482 1255 3564 potestas

254 3584 382 3631 summa
400 3566 459 3648 est,
481 3564 584 3629 ullum
603 3562 801 3628 domicilium
819 3562 953 3629 libertas
972 3565 1084 3650 habet3
1107 3588 1171 3651 qua
1189 3569 1255 3651 qui-
