2675 4209
375 309 442 366 nra.
461 310 482 363 1.
502 309 579 365 cnP.
598 315 676 367 s-a.
699 316 714 376 a
733 316 827 366 c-ra
1035 310 1098 375 277

9 450 34 528 ll
72 453 148 515 .est
172 453 275 517 multo
298 452 487 538 proclivius,
514 453 606 517 nulla
627 454 821 519 necessitate
843 457 1009 538 premente
1031 476 1101 518 rem

9 519 33 579 tl
98 539 261 622 publicam
288 562 401 627 regere
427 540 582 606 nesciant.
622 540 794 626 Equidem,
820 546 858 607 ut
880 563 993 606 verum
1015 546 1102 607 essct

9 626 32 702 l?
98 648 156 691 sua
182 628 351 693 voluntate
379 629 559 713 sapientem
586 629 775 694 descendere
798 630 839 694 ad
861 630 1004 694 rationes
1028 630 1102 695 civi·

14 712 31 754 ⁵1³
98 714 176 779 tatis
207 738 274 781 non
301 716 420 800 solere,
451 716 503 781 sin
529 719 637 781 autem
664 718 865 802 temporibus
893 713 1100 804 cogeretur,l

9 803 29 844 ll
73 804 167 866 stum
186 803 220 867 id
238 825 354 869 munus
374 803 509 888 denique
527 826 594 869 non
607 826 763 889 recusare,
785 809 896 870 tamen
910 805 993 870 arbi·
1012 807 1052 885 [p.
1067 820 1102 872 86

9 891 28 933 o
98 892 201 955 trarer
218 892 303 957 hanc
321 913 429 956 rerum
448 892 591 957 civilium
609 892 741 957 minime
753 893 1102 980 neglegant—Quicn-

20 903 21 923 l

19 981 27 1019 lt

9 982 41 1065 l,
97 978 178 1059 tiam
205 980 358 1066 sapienti,
385 983 558 1065 propterea
586 980 672 1063 quod
698 980 807 1045 omnia
829 985 937 1046 essent
960 980 990 1045 ei
1011 1004 1102 1066 prae-

9 1072 22 1107 l'
97 1068 250 1151 paranda,
269 1068 385 1151 quibus
404 1068 544 1133 nesciret
558 1086 600 1131 an
614 1067 787 1152 aliquando
801 1069 850 1133 uti
862 1090 993 1134 necesse
1007 1073 1101 1135 esset.

10 1157 25 1243 ζῇ·
162 1154 252 1220 Haec
283 1156 432 1239 pluribus
465 1178 485 1219 a
515 1178 567 1220 mc
598 1154 707 1220 verbis
740 1156 826 1221 diota
856 1160 932 1221 sunt
960 1158 1104 1238 Q

9 1242 24 1285 a
61 1260 84 1295 10
98 1263 236 1331 Q
259 1242 345 1327 quod
362 1243 414 1307 his
432 1243 526 1307 libris
545 1245 615 1308 erat
632 1243 784 1309 instituta
802 1249 835 1309 et
853 1248 1003 1330 suscepta
1021 1246 1102 1309 mihi

10 1331 23 1373 u
98 1329 135 1394 de
162 1353 197 1395 rc
224 1330 356 1416 publica
384 1330 576 1414 disputati03
604 1353 686 1414 quac
710 1353 752 1395 ne
773 1332 897 1397 frustra
918 1332 1102 1416 haberetur,

9 1421 22 1462 ³³
98 1417 333 1483 dubitationem
356 1418 398 1482 ad
420 1440 488 1482 rem
510 1418 675 1504 publicam
698 1416 843 1505 adcunldi
864 1420 900 1483 in
920 1420 985 1505 pri·
1007 1422 1048 1499 [p.
1068 1436 1101 1485 ‘19

9 1508 22 1550 ³³·
97 1506 158 1570 mis
181 1506 279 1571 debui
301 1506 426 1570 tollere.
472 1506 521 1571 Ac
542 1509 652 1570 tamen
676 1506 705 1570 si
726 1507 782 1589 qui
804 1510 893 1590 sunt,
921 1507 977 1591 qui
998 1507 1102 1591 philo·

9 1594 22 1673 l·
97 1594 275 1678 sophorum
294 1593 489 1658 auctoritate
507 1596 708 1677 moveantur,
731 1593 807 1657 dent
825 1615 957 1679 operam
974 1596 1102 1679 parumss

9 1667 27 1727 t·
59 1698 83 1738 1⁵
95 1704 154 1765 per
177 1686 275 1766 atque
299 1681 433 1746 audiant
455 1703 519 1764 eos,
543 1702 681 1765 quorum
703 1702 829 1746 summa
851 1686 902 1746 est
925 1683 1102 1747 auotoritas

9 1773 20 1851 ¹5⁴
97 1771 182 1854 apud
201 1769 407 1835 doctissimos
424 1769 572 1833 homines
589 1771 621 1832 et
636 1768 754 1854 gloria,
773 1791 853 1855 quos
868 1792 929 1856 ego
944 1770 1103 1855 existimo,

9 1865 19 1903 l
97 1858 226 1922 etiamsi
254 1858 400 1943 Q
422 1880 491 1921 rem
513 1856 678 1941 publicam
700 1877 766 1921 non
788 1859 961 1943 gesserint,
984 1861 1103 1943 tamen,

9 1951 18 1991 l
98 1968 160 2028 quo
186 1947 250 2010 'am
278 1945 317 2009 de
344 1967 378 2009 re
405 1945 537 2029 publica
563 1945 667 2008 multa
695 1946 892 2028 quaesierint
914 1949 946 2010 et
970 1947 1104 2030 scripse·

9 2018 33 2100 t.
96 2024 148 2097 riri
162 2084 171 2117 ,
184 2025 319 2098 'functos
338 2054 407 2097 esse
427 2033 536 2116 aliquo
553 2032 601 2096 rei
613 2032 762 2117 publicae
776 2055 915 2099 munere.
945 2034 1012 2098 Eos
1026 2055 1102 2099 vero

9 2119 26 2169 p
58 2138 83 2177 2⁰
96 2125 236 2206 septem,
265 2142 344 2205 quos
373 2120 488 2185 Graeci
520 2120 676 2204 sapientis
703 2117 974 2206 nomilnaverunt,
1004 2123 1044 2201 [p.
1067 2137 1102 2186 80

10 2222 16 2239 ⁴
96 2210 202 2274 omnis
225 2230 327 2293 paene
348 2208 440 2273 video
459 2209 495 2271 in
517 2208 623 2272 media
645 2231 681 2271 re
703 2208 835 2293 publica
857 2230 928 2272 esse
946 2212 1103 2273 versatos.
1211 2251 1214 2255 -

10 2305 16 2344 ⁵
80 2296 209 2382 'Neque
233 2296 319 2360 enim
347 2299 398 2360 est
424 2296 494 2360 ulla
515 2317 580 2378 res,
608 2296 642 2358 in
664 2318 729 2379 qua
750 2296 883 2381 propius
907 2297 948 2361 ad
971 2296 1104 2361 deorum

10 2404 15 2435 ¹·
94 2407 215 2450 numen
249 2384 354 2448 virtus
388 2384 520 2448 accedat
553 2382 709 2467 humana,
746 2406 843 2467 quam
872 2383 1014 2448 civitatis
1046 2387 1103 2448 aut

10 2468 15 2522 l
94 2475 233 2539 condere
256 2493 357 2536 noras
381 2474 438 2535 aut
460 2492 650 2535 conservare
672 2471 739 2534 iam
761 2471 917 2535 conditas.

1119 1129 1189 1274 t

1121 2530 1141 2594 8

11 2569 22 2611 l*
56 2578 81 2617 2⁵
163 2560 288 2637 Quibus
312 2559 473 2643 derebus,
497 2558 649 2643 quoniam
667 2558 762 2622 nobis
781 2558 928 2644 contigit,
949 2561 987 2622 ut
1004 2557 1102 2622 iidem
1121 2607 1155 2656 13

11 2640 14 2699 t
96 2653 128 2713 et
159 2651 195 2737 in
229 2648 369 2733 gerenda
399 2669 435 2711 re
465 2646 597 2732 publica
626 2646 750 2730 aliquid
777 2653 919 2712 essemus
946 2647 1102 2711 memoria

11 2726 13 2787 l
96 2738 232 2823 dignum
260 2734 423 2800 consecuti
449 2739 483 2800 et
509 2735 543 2799 in
570 2735 769 2821 explicandis
791 2735 972 2811 rationibus
995 2756 1103 2798 rerum

11 2870 12 2874 =
96 2826 242 2889 civilium
274 2823 434 2911 quandam
466 2821 656 2887 facultatem
682 2844 748 2887 non
775 2845 808 2886 m
839 2824 879 2887 do
906 2845 980 2906 usu,
1008 2824 1048 2902 [p.
1068 2837 1102 2886 55

94 2912 275 3012 &Q
300 2911 406 2976 studio
430 2911 572 2997 diffindi
594 2914 626 2975 et
649 2910 783 2976 docendi
802 2910 977 2993 †essemus
996 2913 1103 2974 aucto·
1183 2964 1194 2980 ,

15 3002 19 3039 ³
56 3017 81 3056 ³⁰
94 3022 156 3084 res,
175 3022 249 3066 cum
267 3000 448 3084 superiores
468 3000 529 3093 qlii
541 2999 680 3064 fuissent
697 3000 733 3063 in
746 2998 1019 3082 disputationibus
1033 3019 1103 3080 per-

94 3088 206 3173 politi,
233 3109 371 3171 quorum
393 3108 444 3150 res
468 3090 579 3172 gestae
601 3088 711 3151 nullae
732 3086 966 3167 invenirentur,
978 3084 1050 3163 ‚alii
1067 3084 1103 3147 in

95 3176 237 3263 gerendo
268 3174 468 3260 probabiles,
499 3174 535 3236 in
564 3173 749 3237 disserendo
778 3172 882 3236 rudes.
926 3170 995 3235 Nec
1025 3192 1102 3234 vero

94 3268 211 3329 nostra
238 3263 395 3346 quaedam
423 3265 472 3325 est
498 3260 698 3324 instituenda
724 3282 810 3323 nova
837 3262 870 3323 et
897 3257 1033 3322 anobis
1056 3258 1102 3321 in-

94 3353 195 3417 venta
227 3351 325 3433 ratio,
356 3348 411 3413 sed
438 3348 533 3413 unius
562 3346 688 3413 aetatis
707 3346 961 3412 clarissimorum
988 3366 1025 3410 ac
1053 3367 1102 3409 sa-

13 3449 17 3483 a
56 3438 374 3524 sapientissimorum
410 3441 541 3502 nostrae
574 3435 717 3502 civitatis
748 3434 892 3500 virorum
924 3433 1102 3519 disputatio

94 3526 272 3612 repetenda
308 3525 464 3590 memoria
492 3522 497 3605 1
526 3529 588 3609 est,
625 3546 707 3608 quae
738 3521 820 3586 mihi
850 3522 974 3606 tibique
1008 3523 1047 3602 [p.
1067 3492 1325 3633 sevisti&

96 3614 260 3699 quondam
280 3612 519 3678 adulescentulo
539 3617 589 3678 est
607 3635 627 3678 a
643 3612 679 3678 P.
693 3610 817 3677 Rutilio
832 3610 927 3695 Rufo,
946 3608 1102 3695 Smyrnae
1140 3610 1329 3765 aa*
