<?xml version="1.0" encoding="UTF-8"?>
<!DOCTYPE html PUBLIC "-//W3C//DTD XHTML 1.0 Transitional//EN"
    "http://www.w3.org/TR/xhtml1/DTD/xhtml1-transitional.dtd">
<html xmlns="http://www.w3.org/1999/xhtml" xml:lang="en" lang="en">
 <head>
  <title>
</title>
<meta http-equiv="Content-Type" content="text/html;charset=utf-8" />
  <meta name='ocr-system' content='tesseract 3.04.00' />
  <meta name='ocr-capabilities' content='ocr_page ocr_carea ocr_par ocr_line ocrx_word'/>
</head>
<body>
  <div class='ocr_page' id='page_1' title='image "./mtuliciceronisl00mlgoog_0071.png"; bbox 0 0 2675 4209; ppageno 0'>
   <div class='ocr_carea' id='block_1_1' title="bbox 317 276 1083 346">
    <p class='ocr_par' dir='ltr' id='par_1_1' title="bbox 317 276 1083 346">
     <span class='ocr_line' id='line_1_1' title="bbox 317 276 1083 346; baseline 0.01 -16"><span class='ocrx_word' id='word_1_1' title='bbox 317 276 384 332; x_wconf 86' lang='lat' dir='ltr'><strong>LIB.</strong></span> <span class='ocrx_word' id='word_1_2' title='bbox 404 276 452 332; x_wconf 92' lang='lat' dir='ltr'>III.</span> <span class='ocrx_word' id='word_1_3' title='bbox 472 276 547 332; x_wconf 86' lang='lat' dir='ltr'>CAP.</span> <span class='ocrx_word' id='word_1_4' title='bbox 569 282 680 332; x_wconf 76' lang='lat'>10-12.</span> <span class='ocrx_word' id='word_1_5' title='bbox 698 284 714 343; x_wconf 64' lang='grc' dir='ltr'><strong>ξ</strong></span> <span class='ocrx_word' id='word_1_6' title='bbox 734 283 845 333; x_wconf 75' lang='lat'><strong>17-22.</strong></span> <span class='ocrx_word' id='word_1_7' title='bbox 1014 280 1083 346; x_wconf 77' lang='grc'><em>339</em></span> 
     </span>
    </p>
   </div>
   <div class='ocr_carea' id='block_1_2' title="bbox 1 420 1134 3639">
    <p class='ocr_par' dir='ltr' id='par_1_2' title="bbox 1 420 1134 3639">
     <span class='ocr_line' id='line_1_2' title="bbox 131 420 1082 507; baseline 0.003 -22"><span class='ocrx_word' id='word_1_8' title='bbox 131 421 184 485; x_wconf 85' lang='lat' dir='ltr'><em>Ni</em></span> <span class='ocrx_word' id='word_1_9' title='bbox 216 420 313 500; x_wconf 84' lang='lat' dir='ltr'><em>fallor</em></span> <span class='ocrx_word' id='word_1_10' title='bbox 340 421 436 495; x_wconf 88' lang='lat' dir='ltr'><em>enim,</em></span> <span class='ocrx_word' id='word_1_11' title='bbox 466 440 554 485; x_wconf 89' lang='lat' dir='ltr'><em>omne</em></span> <span class='ocrx_word' id='word_1_12' title='bbox 581 440 710 502; x_wconf 83' lang='lat' dir='ltr'><em>repnum</em></span> <span class='ocrx_word' id='word_1_13' title='bbox 733 421 781 485; x_wconf 87' lang='lat' dir='ltr'><em>uel</em></span> <span class='ocrx_word' id='word_1_14' title='bbox 805 422 971 503; x_wconf 84' lang='lat' dir='ltr'><em>imperium</em></span> <span class='ocrx_word' id='word_1_15' title='bbox 989 422 1082 507; x_wconf 33' lang='lat' dir='ltr'><em>‘bellis</em></span> 
     </span>
     <span class='ocr_line' id='line_1_3' title="bbox 9 507 1080 589; baseline 0.004 -18"><span class='ocrx_word' id='word_1_16' title='bbox 9 560 10 563; x_wconf 14' lang='grc' dir='ltr'>η</span> <span class='ocrx_word' id='word_1_17' title='bbox 68 510 289 589; x_wconf 79' lang='lat' dir='ltr'><em>quaeritaret</em></span> <span class='ocrx_word' id='word_1_18' title='bbox 315 508 449 572; x_wconf 84' lang='lat' dir='ltr'><em>uictoriis</em></span> <span class='ocrx_word' id='word_1_19' title='bbox 469 514 672 589; x_wconf 81' lang='lat' dir='ltr'><em>propapatur.</em></span> <span class='ocrx_word' id='word_1_20' title='bbox 716 507 815 575; x_wconf 83' lang='lat' dir='ltr'><em>Porro</em></span> <span class='ocrx_word' id='word_1_21' title='bbox 842 510 920 573; x_wconf 89' lang='lat' dir='ltr'><em>bella</em></span> <span class='ocrx_word' id='word_1_22' title='bbox 940 515 971 574; x_wconf 90' lang='lat' dir='ltr'><em>et</em></span> <span class='ocrx_word' id='word_1_23' title='bbox 990 512 1080 575; x_wconf 80' lang='lat' dir='ltr'><em>m‘eto</em></span> 
     </span>
     <span class='ocr_line' id='line_1_4' title="bbox 6 595 1081 677; baseline 0.004 -19"><span class='ocrx_word' id='word_1_24' title='bbox 6 666 8 669; x_wconf 80' lang='lat'>.</span> <span class='ocrx_word' id='word_1_25' title='bbox 67 597 131 659; x_wconf 88' lang='lat' dir='ltr'><em>riae</em></span> <span class='ocrx_word' id='word_1_26' title='bbox 155 596 263 677; x_wconf 84' lang='lat' dir='ltr'><em>captis</em></span> <span class='ocrx_word' id='word_1_27' title='bbox 284 600 314 659; x_wconf 91' lang='lat' dir='ltr'><em>et</em></span> <span class='ocrx_word' id='word_1_28' title='bbox 334 596 443 660; x_wconf 84' lang='lat' dir='ltr'><em>eversis</em></span> <span class='ocrx_word' id='word_1_29' title='bbox 459 596 635 676; x_wconf 88' lang='lat' dir='ltr'><em>plurimum</em></span> <span class='ocrx_word' id='word_1_30' title='bbox 651 595 778 661; x_wconf 81' lang='lat' dir='ltr'><em>urbibus</em></span> <span class='ocrx_word' id='word_1_31' title='bbox 794 602 940 662; x_wconf 73' lang='lat' dir='ltr'><strong><em>constant.</em></strong></span> <span class='ocrx_word' id='word_1_32' title='bbox 971 596 1015 661; x_wconf 88' lang='lat' dir='ltr'><em>Id</em></span> <span class='ocrx_word' id='word_1_33' title='bbox 1029 619 1081 662; x_wconf 92' lang='lat' dir='ltr'><em>ue·</em></span> 
     </span>
     <span class='ocr_line' id='line_1_5' title="bbox 9 684 1082 767; baseline 0.006 -22"><span class='ocrx_word' id='word_1_34' title='bbox 9 748 10 754; x_wconf 8' lang='grc' dir='ltr'>χ</span> <span class='ocrx_word' id='word_1_35' title='bbox 63 686 187 763; x_wconf 83' lang='lat' dir='ltr'><em>potium</em></span> <span class='ocrx_word' id='word_1_36' title='bbox 225 684 292 748; x_wconf 91' lang='lat' dir='ltr'><em>sine</em></span> <span class='ocrx_word' id='word_1_37' title='bbox 322 684 447 747; x_wconf 88' lang='lat' dir='ltr'><em>deorum</em></span> <span class='ocrx_word' id='word_1_38' title='bbox 476 684 598 747; x_wconf 89' lang='lat' dir='ltr'><em>iniuria</em></span> <span class='ocrx_word' id='word_1_39' title='bbox 627 704 690 747; x_wconf 92' lang='lat' dir='ltr'><em>uon</em></span> <span class='ocrx_word' id='word_1_40' title='bbox 721 689 780 762; x_wconf 92' lang='lat' dir='ltr'><em>est;</em></span> <span class='ocrx_word' id='word_1_41' title='bbox 817 686 936 749; x_wconf 79' lang='lat' dir='ltr'><em>medem</em></span> <span class='ocrx_word' id='word_1_42' title='bbox 966 690 1082 767; x_wconf 76' lang='lat' dir='ltr'><em>strapas</em></span> 
     </span>
     <span class='ocr_line' id='line_1_6' title="bbox 6 772 1082 851; baseline 0.004 -17"><span class='ocrx_word' id='word_1_43' title='bbox 6 808 9 843; x_wconf 86' lang='lat'>;</span> <span class='ocrx_word' id='word_1_44' title='bbox 45 772 229 835; x_wconf 90' lang='lat' dir='ltr'><em>⁵moenium</em></span> <span class='ocrx_word' id='word_1_45' title='bbox 256 776 286 833; x_wconf 91' lang='lat' dir='ltr'><em>et</em></span> <span class='ocrx_word' id='word_1_46' title='bbox 307 772 500 851; x_wconf 71' lang='lat' dir='ltr'><em>tammonem,</em></span> <span class='ocrx_word' id='word_1_47' title='bbox 524 790 618 851; x_wconf 86' lang='lat' dir='ltr'><em>pares</em></span> <span class='ocrx_word' id='word_1_48' title='bbox 639 772 742 835; x_wconf 81' lang='lat' dir='ltr'><em>caedes</em></span> <span class='ocrx_word' id='word_1_49' title='bbox 763 773 876 836; x_wconf 80' lang='lat' dir='ltr'><em>oinium</em></span> <span class='ocrx_word' id='word_1_50' title='bbox 897 776 928 837; x_wconf 90' lang='lat' dir='ltr'><em>et</em></span> <span class='ocrx_word' id='word_1_51' title='bbox 946 775 1082 838; x_wconf 80' lang='lat' dir='ltr'><em>sacerdo</em></span> 
     </span>
     <span class='ocr_line' id='line_1_7' title="bbox 65 858 1081 945; baseline 0.007 -25"><span class='ocrx_word' id='word_1_52' title='bbox 65 862 131 921; x_wconf 86' lang='lat' dir='ltr'><em>lum</em></span> <span class='ocrx_word' id='word_1_53' title='bbox 155 880 218 923; x_wconf 87' lang='lat' dir='ltr'><em>neo</em></span> <span class='ocrx_word' id='word_1_54' title='bbox 240 858 404 923; x_wconf 73' lang='lat' dir='ltr'><em>dissimiles</em></span> <span class='ocrx_word' id='word_1_55' title='bbox 425 859 556 938; x_wconf 77' lang='lat' dir='ltr'><em>rapinae</em></span> <span class='ocrx_word' id='word_1_56' title='bbox 576 878 738 923; x_wconf 86' lang='lat' dir='ltr'><em>saorarum</em></span> <span class='ocrx_word' id='word_1_57' title='bbox 759 861 941 925; x_wconf 87' lang='lat' dir='ltr'><em>diuitiarum</em></span> <span class='ocrx_word' id='word_1_58' title='bbox 962 866 992 925; x_wconf 92' lang='lat' dir='ltr'><em>et</em></span> <span class='ocrx_word' id='word_1_59' title='bbox 1006 882 1081 945; x_wconf 78' lang='lat' dir='ltr'><em>pro</em></span> 
     </span>
     <span class='ocr_line' id='line_1_8' title="bbox 62 946 1082 1031; baseline 0.007 -24"><span class='ocrx_word' id='word_1_60' title='bbox 62 946 234 1023; x_wconf 77' lang='lat' dir='ltr'><em>sonariam.</em></span> <span class='ocrx_word' id='word_1_61' title='bbox 282 947 341 1009; x_wconf 79' lang='lat' dir='ltr'><em>Tot</em></span> <span class='ocrx_word' id='word_1_62' title='bbox 366 946 463 1028; x_wconf 81' lang='lat' dir='ltr'><em>ipitur</em></span> <span class='ocrx_word' id='word_1_63' title='bbox 488 946 649 1027; x_wconf 76' lang='lat' dir='ltr'><em>saerilepia</em></span> <span class='ocrx_word' id='word_1_64' title='bbox 670 947 896 1026; x_wconf 87' lang='lat' dir='ltr'><em>Romanorum,</em></span> <span class='ocrx_word' id='word_1_65' title='bbox 922 954 996 1031; x_wconf 71' lang='lat' dir='ltr'><em>perot</em></span> <span class='ocrx_word' id='word_1_66' title='bbox 1021 955 1082 1015; x_wconf 91' lang='lat' dir='ltr'><em>tro·</em></span> 
     </span>
     <span class='ocr_line' id='line_1_9' title="bbox 12 1034 1082 1123; baseline 0.007 -27"><span class='ocrx_word' id='word_1_67' title='bbox 12 1040 16 1049; x_wconf 82' lang='lat'>&#39;</span> <span class='ocrx_word' id='word_1_68' title='bbox 58 1054 155 1113; x_wconf 86' lang='lat' dir='ltr'><em>paea,</em></span> <span class='ocrx_word' id='word_1_69' title='bbox 182 1039 230 1098; x_wconf 88' lang='lat' dir='ltr'><em>tot</em></span> <span class='ocrx_word' id='word_1_70' title='bbox 245 1034 282 1097; x_wconf 88' lang='lat' dir='ltr'><em>de</em></span> <span class='ocrx_word' id='word_1_71' title='bbox 297 1034 353 1111; x_wconf 90' lang='lat' dir='ltr'><em>dis,</em></span> <span class='ocrx_word' id='word_1_72' title='bbox 376 1038 450 1113; x_wconf 82' lang='lat' dir='ltr'><em>quot</em></span> <span class='ocrx_word' id='word_1_73' title='bbox 465 1034 501 1097; x_wconf 90' lang='lat' dir='ltr'><em>de</em></span> <span class='ocrx_word' id='word_1_74' title='bbox 515 1034 661 1115; x_wconf 81' lang='lat' dir='ltr'><em>pentibus,</em></span> <span class='ocrx_word' id='word_1_75' title='bbox 681 1036 836 1119; x_wconf 76' lang='lat' dir='ltr'><em>triumphi,</em></span> <span class='ocrx_word' id='word_1_76' title='bbox 855 1042 898 1101; x_wconf 91' lang='lat' dir='ltr'><em>tot</em></span> <span class='ocrx_word' id='word_1_77' title='bbox 909 1039 1082 1123; x_wconf 78' lang='lat' dir='ltr'><em>manubiae,</em></span> 
     </span>
     <span class='ocr_line' id='line_1_10' title="bbox 4 1119 1082 1203; baseline 0.008 -20"><span class='ocrx_word' id='word_1_78' title='bbox 4 1121 7 1141; x_wconf 75' lang='lat'>‘</span> <span class='ocrx_word' id='word_1_79' title='bbox 62 1127 139 1199; x_wconf 78' lang='lat' dir='ltr'><em>quat</em></span> <span class='ocrx_word' id='word_1_80' title='bbox 179 1126 310 1185; x_wconf 88' lang='lat' dir='ltr'><em>manent</em></span> <span class='ocrx_word' id='word_1_81' title='bbox 344 1119 444 1185; x_wconf 83' lang='lat' dir='ltr'><em>adbuc</em></span> <span class='ocrx_word' id='word_1_82' title='bbox 478 1122 647 1186; x_wconf 87' lang='lat' dir='ltr'><em>simulaera</em></span> <span class='ocrx_word' id='word_1_83' title='bbox 683 1129 841 1203; x_wconf 81' lang='lat' dir='ltr'><em>captorum</em></span> <span class='ocrx_word' id='word_1_84' title='bbox 874 1127 1000 1191; x_wconf 67' lang='lat' dir='ltr'><em>morum</em></span> <span class='ocrx_word' id='word_1_85' title='bbox 1030 1132 1082 1191; x_wconf 88' lang='lat' dir='ltr'><em>eto.</em></span> 
     </span>
     <span class='ocr_line' id='line_1_11' title="bbox 4 1208 766 1292; baseline 0.004 -21"><span class='ocrx_word' id='word_1_86' title='bbox 4 1222 5 1228; x_wconf 76' lang='grc'>’</span> <span class='ocrx_word' id='word_1_87' title='bbox 31 1222 52 1260; x_wconf 86' lang='lat'><em>1⁰</em></span> <span class='ocrx_word' id='word_1_88' title='bbox 63 1208 305 1289; x_wconf 85' lang='lat' dir='ltr'><em>(Tertullianus</em></span> <span class='ocrx_word' id='word_1_89' title='bbox 327 1209 442 1290; x_wconf 81' lang='lat' dir='ltr'><em>apolop.</em></span> <span class='ocrx_word' id='word_1_90' title='bbox 464 1210 557 1290; x_wconf 71' lang='lat'><em>2510.</em></span> <span class='ocrx_word' id='word_1_91' title='bbox 580 1214 643 1274; x_wconf 82' lang='grc'><em>164</em></span> <span class='ocrx_word' id='word_1_92' title='bbox 667 1210 766 1292; x_wconf 83' lang='lat' dir='ltr'><em>Oebl.)</em></span> 
     </span>
     <span class='ocr_line' id='line_1_12' title="bbox 4 1294 1132 1383; baseline 0.004 -24"><span class='ocrx_word' id='word_1_93' title='bbox 4 1311 5 1315; x_wconf 75' lang='grc'>’</span> <span class='ocrx_word' id='word_1_94' title='bbox 63 1296 133 1375; x_wconf 84' lang='grc'><strong>[15.</strong></span> <span class='ocrx_word' id='word_1_95' title='bbox 149 1300 205 1377; x_wconf 81' lang='lat'><em>24]</em></span> <span class='ocrx_word' id='word_1_96' title='bbox 275 1294 455 1374; x_wconf 79' lang='lat' dir='ltr'><em>Carneades,</em></span> <span class='ocrx_word' id='word_1_97' title='bbox 473 1298 620 1377; x_wconf 78' lang='lat' dir='ltr'><em>quomam</em></span> <span class='ocrx_word' id='word_1_98' title='bbox 637 1300 874 1381; x_wconf 75' lang='lat' dir='ltr'><em>erautiruirma²</em></span> <span class='ocrx_word' id='word_1_99' title='bbox 891 1300 1081 1383; x_wconf 76' lang='lat' dir='ltr'><em>qroaeapbi-</em></span> <span class='ocrx_word' id='word_1_100' title='bbox 1100 1314 1132 1363; x_wconf 76' lang='lat'><em>21</em></span> 
     </span>
     <span class='ocr_line' id='line_1_13' title="bbox 64 1384 1083 1469; baseline 0.007 -24"><span class='ocrx_word' id='word_1_101' title='bbox 64 1384 210 1466; x_wconf 81' lang='lat' dir='ltr'><em>Iosophis</em></span> <span class='ocrx_word' id='word_1_102' title='bbox 236 1384 468 1461; x_wconf 86' lang='lat' dir='ltr'><em>adserebantnr,</em></span> <span class='ocrx_word' id='word_1_103' title='bbox 495 1387 605 1449; x_wconf 87' lang='lat' dir='ltr'><em>sumsit</em></span> <span class='ocrx_word' id='word_1_104' title='bbox 626 1387 790 1449; x_wconf 79' lang='lat' dir='ltr'><em>andaciam</em></span> <span class='ocrx_word' id='word_1_105' title='bbox 811 1386 979 1465; x_wconf 83' lang='lat' dir='ltr'><em>refellendi,</em></span> <span class='ocrx_word' id='word_1_106' title='bbox 1006 1390 1083 1469; x_wconf 81' lang='lat' dir='ltr'><em>quia</em></span> 
     </span>
     <span class='ocr_line' id='line_1_14' title="bbox 1 1472 1084 1553; baseline 0.006 -21"><span class='ocrx_word' id='word_1_107' title='bbox 1 1506 3 1508; x_wconf 28' lang='lat' dir='ltr'>v</span> <span class='ocrx_word' id='word_1_108' title='bbox 62 1473 172 1551; x_wconf 80' lang='lat' dir='ltr'><em>refelli</em></span> <span class='ocrx_word' id='word_1_109' title='bbox 200 1492 291 1553; x_wconf 91' lang='lat' dir='ltr'><em>posse</em></span> <span class='ocrx_word' id='word_1_110' title='bbox 317 1472 472 1536; x_wconf 77' lang='lat' dir='ltr'><em>intellexit.</em></span> <span class='ocrx_word' id='word_1_111' title='bbox 516 1474 599 1537; x_wconf 83' lang='lat' dir='ltr'><em>Eius</em></span> <span class='ocrx_word' id='word_1_112' title='bbox 625 1473 842 1553; x_wconf 77' lang='lat' dir='ltr'><em>disputationis</em></span> <span class='ocrx_word' id='word_1_113' title='bbox 867 1494 990 1537; x_wconf 84' lang='lat' dir='ltr'><em>sumum</em></span> <span class='ocrx_word' id='word_1_114' title='bbox 1010 1475 1084 1539; x_wconf 76' lang='lat' dir='ltr'><em>liaeo</em></span> 
     </span>
     <span class='ocr_line' id='line_1_15' title="bbox 62 1558 1084 1642; baseline 0.005 -21"><span class='ocrx_word' id='word_1_115' title='bbox 62 1559 149 1635; x_wconf 84' lang='lat' dir='ltr'><em>fuit:</em></span> <span class='ocrx_word' id='word_1_116' title='bbox 172 1562 249 1624; x_wconf 91' lang='lat' dir='ltr'><em>iura</em></span> <span class='ocrx_word' id='word_1_117' title='bbox 265 1560 325 1624; x_wconf 92' lang='lat' dir='ltr'><em>sibi</em></span> <span class='ocrx_word' id='word_1_118' title='bbox 342 1558 478 1624; x_wconf 82' lang='lat' dir='ltr'><em>laminas</em></span> <span class='ocrx_word' id='word_1_119' title='bbox 484 1582 545 1642; x_wconf 86' lang='lat' dir='ltr'><em>pro</em></span> <span class='ocrx_word' id='word_1_120' title='bbox 557 1561 690 1625; x_wconf 91' lang='lat' dir='ltr'><em>utilitate</em></span> <span class='ocrx_word' id='word_1_121' title='bbox 703 1562 850 1638; x_wconf 79' lang='lat' dir='ltr'><em>sanxisse,</em></span> <span class='ocrx_word' id='word_1_122' title='bbox 868 1562 982 1625; x_wconf 85' lang='lat' dir='ltr'><em>soilieet</em></span> <span class='ocrx_word' id='word_1_123' title='bbox 992 1564 1084 1626; x_wconf 89' lang='lat' dir='ltr'><em>uaria</em></span> 
     </span>
     <span class='ocr_line' id='line_1_16' title="bbox 6 1646 1084 1729; baseline 0.002 -18"><span class='ocrx_word' id='word_1_124' title='bbox 6 1676 8 1681; x_wconf 38' lang='lat' dir='ltr'>s</span> <span class='ocrx_word' id='word_1_125' title='bbox 31 1657 52 1696; x_wconf 83' lang='lat'><em>1⁵</em></span> <span class='ocrx_word' id='word_1_126' title='bbox 58 1666 122 1725; x_wconf 88' lang='lat' dir='ltr'><em>pro</em></span> <span class='ocrx_word' id='word_1_127' title='bbox 142 1646 286 1712; x_wconf 84' lang='lat' dir='ltr'><em>moribus</em></span> <span class='ocrx_word' id='word_1_128' title='bbox 303 1652 332 1711; x_wconf 89' lang='lat' dir='ltr'><em>et</em></span> <span class='ocrx_word' id='word_1_129' title='bbox 347 1649 433 1728; x_wconf 91' lang='lat' dir='ltr'><em>apud</em></span> <span class='ocrx_word' id='word_1_130' title='bbox 447 1649 562 1713; x_wconf 82' lang='lat' dir='ltr'><em>eosdem</em></span> <span class='ocrx_word' id='word_1_131' title='bbox 574 1668 635 1729; x_wconf 87' lang='lat' dir='ltr'><em>pro</em></span> <span class='ocrx_word' id='word_1_132' title='bbox 657 1647 839 1728; x_wconf 87' lang='lat' dir='ltr'><em>temporibus</em></span> <span class='ocrx_word' id='word_1_133' title='bbox 851 1668 939 1729; x_wconf 87' lang='lat' dir='ltr'><em>saepe</em></span> <span class='ocrx_word' id='word_1_134' title='bbox 955 1654 1084 1729; x_wconf 87' lang='lat' dir='ltr'><em>mutata,</em></span> 
     </span>
     <span class='ocr_line' id='line_1_17' title="bbox 4 1735 1083 1812; baseline 0.007 -17"><span class='ocrx_word' id='word_1_135' title='bbox 4 1764 8 1769; x_wconf 91' lang='lat'><em>·</em></span> <span class='ocrx_word' id='word_1_136' title='bbox 64 1735 117 1798; x_wconf 87' lang='lat' dir='ltr'><em>ius</em></span> <span class='ocrx_word' id='word_1_137' title='bbox 137 1740 247 1800; x_wconf 90' lang='lat' dir='ltr'><em>autem</em></span> <span class='ocrx_word' id='word_1_138' title='bbox 264 1736 408 1799; x_wconf 93' lang='lat' dir='ltr'><em>naturale</em></span> <span class='ocrx_word' id='word_1_139' title='bbox 420 1754 481 1799; x_wconf 88' lang='lat' dir='ltr'><em>esse</em></span> <span class='ocrx_word' id='word_1_140' title='bbox 493 1736 631 1812; x_wconf 89' lang='lat' dir='ltr'><em>nullum;</em></span> <span class='ocrx_word' id='word_1_141' title='bbox 650 1756 752 1801; x_wconf 87' lang='lat' dir='ltr'><em>omnes</em></span> <span class='ocrx_word' id='word_1_142' title='bbox 769 1740 798 1799; x_wconf 90' lang='lat' dir='ltr'><em>et</em></span> <span class='ocrx_word' id='word_1_143' title='bbox 813 1735 949 1802; x_wconf 80' lang='lat' dir='ltr'><em>homiues</em></span> <span class='ocrx_word' id='word_1_144' title='bbox 961 1742 991 1802; x_wconf 90' lang='lat' dir='ltr'><em>et</em></span> <span class='ocrx_word' id='word_1_145' title='bbox 1001 1738 1083 1804; x_wconf 86' lang='lat' dir='ltr'><em>alias</em></span> 
     </span>
     <span class='ocr_line' id='line_1_18' title="bbox 66 1824 1083 1908; baseline 0.007 -23.519"><span class='ocrx_word' id='word_1_146' title='bbox 66 1824 252 1888; x_wconf 77' lang='lat' dir='ltr'><em>animantes</em></span> <span class='ocrx_word' id='word_1_147' title='bbox 278 1824 321 1887; x_wconf 91' lang='lat' dir='ltr'><em>ad</em></span> <span class='ocrx_word' id='word_1_148' title='bbox 345 1824 492 1887; x_wconf 74' lang='lat' dir='ltr'><em>uolitans</em></span> <span class='ocrx_word' id='word_1_149' title='bbox 517 1843 591 1888; x_wconf 87' lang='lat' dir='ltr'><em>suas</em></span> <span class='ocrx_word' id='word_1_150' title='bbox 611 1830 728 1888; x_wconf 87' lang='lat' dir='ltr'><em>natura</em></span> <span class='ocrx_word' id='word_1_151' title='bbox 749 1825 872 1889; x_wconf 86' lang='lat' dir='ltr'><em>dmente</em></span> <span class='ocrx_word' id='word_1_152' title='bbox 892 1825 986 1905; x_wconf 72' lang='lat' dir='ltr'><em>ferri·</em></span> <span class='ocrx_word' id='word_1_153' title='bbox 1008 1848 1083 1908; x_wconf 89' lang='lat' dir='ltr'><em>pro·</em></span> 
     </span>
     <span class='ocr_line' id='line_1_19' title="bbox 65 1910 1083 1995; baseline 0.006 -21.692"><span class='ocrx_word' id='word_1_154' title='bbox 65 1911 144 1975; x_wconf 90' lang='lat' dir='ltr'><em>inde</em></span> <span class='ocrx_word' id='word_1_155' title='bbox 169 1916 227 1975; x_wconf 90' lang='lat' dir='ltr'><em>aut</em></span> <span class='ocrx_word' id='word_1_156' title='bbox 247 1910 368 1975; x_wconf 91' lang='lat' dir='ltr'><em>nullam</em></span> <span class='ocrx_word' id='word_1_157' title='bbox 390 1931 452 1975; x_wconf 87' lang='lat' dir='ltr'><em>esso</em></span> <span class='ocrx_word' id='word_1_158' title='bbox 473 1911 626 1975; x_wconf 89' lang='lat' dir='ltr'><em>iustitiam</em></span> <span class='ocrx_word' id='word_1_159' title='bbox 647 1917 716 1990; x_wconf 88' lang='lat' dir='ltr'><em>ant,</em></span> <span class='ocrx_word' id='word_1_160' title='bbox 744 1914 774 1977; x_wconf 87' lang='lat' dir='ltr'><em>si</em></span> <span class='ocrx_word' id='word_1_161' title='bbox 794 1914 837 1977; x_wconf 86' lang='lat' dir='ltr'><em>sit</em></span> <span class='ocrx_word' id='word_1_162' title='bbox 857 1914 978 1995; x_wconf 79' lang='lat' dir='ltr'><em>aliqua,</em></span> <span class='ocrx_word' id='word_1_163' title='bbox 1000 1935 1083 1979; x_wconf 87' lang='lat' dir='ltr'><em>sum·</em></span> 
     </span>
     <span class='ocr_line' id='line_1_20' title="bbox 12 1999 1083 2078; baseline 0.007 -18"><span class='ocrx_word' id='word_1_164' title='bbox 12 2028 13 2053; x_wconf 63' lang='lat'><em>2</em></span> <span class='ocrx_word' id='word_1_165' title='bbox 68 2017 160 2063; x_wconf 91' lang='lat' dir='ltr'><em>mam</em></span> <span class='ocrx_word' id='word_1_166' title='bbox 189 2018 251 2063; x_wconf 90' lang='lat' dir='ltr'><em>esse</em></span> <span class='ocrx_word' id='word_1_167' title='bbox 276 1999 452 2075; x_wconf 89' lang='lat' dir='ltr'><em>stultitiam,</em></span> <span class='ocrx_word' id='word_1_168' title='bbox 482 2000 628 2078; x_wconf 80' lang='lat' dir='ltr'><em>quoniam</em></span> <span class='ocrx_word' id='word_1_169' title='bbox 654 2001 714 2065; x_wconf 87' lang='lat' dir='ltr'><em>sibi</em></span> <span class='ocrx_word' id='word_1_170' title='bbox 735 2006 852 2065; x_wconf 85' lang='lat' dir='ltr'><em>noceret</em></span> <span class='ocrx_word' id='word_1_171' title='bbox 872 2002 984 2065; x_wconf 77' lang='lat' dir='ltr'><em>alionis</em></span> <span class='ocrx_word' id='word_1_172' title='bbox 1006 2023 1083 2067; x_wconf 86' lang='lat' dir='ltr'><em>amn·</em></span> 
     </span>
     <span class='ocr_line' id='line_1_21' title="bbox 1 2084 1084 2170; baseline 0.006 -21"><span class='ocrx_word' id='word_1_173' title='bbox 1 2084 15 2121; x_wconf 39' lang='lat'><em>‘²&#39;</em></span> <span class='ocrx_word' id='word_1_174' title='bbox 31 2097 55 2137; x_wconf 77' lang='lat'><em>20</em></span> <span class='ocrx_word' id='word_1_175' title='bbox 68 2090 176 2153; x_wconf 88' lang='lat' dir='ltr'><em>modis</em></span> <span class='ocrx_word' id='word_1_176' title='bbox 199 2087 366 2151; x_wconf 84' lang='lat' dir='ltr'><em>consulens.</em></span> <span class='ocrx_word' id='word_1_177' title='bbox 401 2086 448 2149; x_wconf 85' lang='lat' dir='ltr'><em>Et</em></span> <span class='ocrx_word' id='word_1_178' title='bbox 468 2086 615 2165; x_wconf 88' lang='lat' dir='ltr'><em>inserebat</em></span> <span class='ocrx_word' id='word_1_179' title='bbox 635 2087 708 2151; x_wconf 76' lang='lat' dir='ltr'><em>liaeo</em></span> <span class='ocrx_word' id='word_1_180' title='bbox 725 2093 921 2170; x_wconf 82' lang='lat' dir='ltr'><em>arpumenta:</em></span> <span class='ocrx_word' id='word_1_181' title='bbox 944 2091 1084 2155; x_wconf 86' lang='lat' dir='ltr'><em>omnibus</em></span> 
     </span>
     <span class='ocr_line' id='line_1_22' title="bbox 3 2172 1083 2259; baseline 0.004 -20"><span class='ocrx_word' id='word_1_182' title='bbox 3 2172 8 2179; x_wconf 72' lang='grc'><strong><em>’</em></strong></span> <span class='ocrx_word' id='word_1_183' title='bbox 64 2177 212 2255; x_wconf 85' lang='lat' dir='ltr'><em>papulis,</em></span> <span class='ocrx_word' id='word_1_184' title='bbox 234 2175 289 2256; x_wconf 77' lang='lat' dir='ltr'><em>qui</em></span> <span class='ocrx_word' id='word_1_185' title='bbox 310 2174 453 2253; x_wconf 74' lang='lat' dir='ltr'><em>timerent</em></span> <span class='ocrx_word' id='word_1_186' title='bbox 473 2173 613 2255; x_wconf 83' lang='lat' dir='ltr'><em>imperio,</em></span> <span class='ocrx_word' id='word_1_187' title='bbox 641 2180 669 2239; x_wconf 88' lang='lat' dir='ltr'><em>et</em></span> <span class='ocrx_word' id='word_1_188' title='bbox 690 2175 842 2241; x_wconf 89' lang='lat' dir='ltr'><em>Romanis</em></span> <span class='ocrx_word' id='word_1_189' title='bbox 862 2198 977 2258; x_wconf 78' lang='lat' dir='ltr'><em>quoqne</em></span> <span class='ocrx_word' id='word_1_190' title='bbox 998 2179 1083 2259; x_wconf 76' lang='lat' dir='ltr'><em>ipsis,</em></span> 
     </span>
     <span class='ocr_line' id='line_1_23' title="bbox 69 2262 1084 2342; baseline 0.005 -18"><span class='ocrx_word' id='word_1_191' title='bbox 69 2265 127 2341; x_wconf 81' lang='lat' dir='ltr'><em>qui</em></span> <span class='ocrx_word' id='word_1_192' title='bbox 152 2264 246 2327; x_wconf 88' lang='lat' dir='ltr'><em>totius</em></span> <span class='ocrx_word' id='word_1_193' title='bbox 268 2262 349 2325; x_wconf 89' lang='lat' dir='ltr'><em>orbis</em></span> <span class='ocrx_word' id='word_1_194' title='bbox 365 2263 549 2342; x_wconf 78' lang='lat' dir='ltr'><em>potirentur,</em></span> <span class='ocrx_word' id='word_1_195' title='bbox 571 2264 600 2326; x_wconf 88' lang='lat' dir='ltr'><em>si</em></span> <span class='ocrx_word' id='word_1_196' title='bbox 621 2264 697 2327; x_wconf 90' lang='lat' dir='ltr'><em>iusti</em></span> <span class='ocrx_word' id='word_1_197' title='bbox 717 2265 812 2327; x_wconf 86' lang='lat' dir='ltr'><em>uelint</em></span> <span class='ocrx_word' id='word_1_198' title='bbox 833 2285 901 2342; x_wconf 87' lang='lat' dir='ltr'><em>esse,</em></span> <span class='ocrx_word' id='word_1_199' title='bbox 924 2266 978 2329; x_wconf 83' lang='lat' dir='ltr'><em>boo</em></span> <span class='ocrx_word' id='word_1_200' title='bbox 995 2268 1084 2329; x_wconf 88' lang='lat' dir='ltr'><em>estsi</em></span> 
     </span>
     <span class='ocr_line' id='line_1_24' title="bbox 10 2350 1084 2433; baseline 0.005 -22"><span class='ocrx_word' id='word_1_201' title='bbox 10 2400 11 2403; x_wconf 14' lang='grc' dir='ltr'>η</span> <span class='ocrx_word' id='word_1_202' title='bbox 72 2351 182 2415; x_wconf 88' lang='lat' dir='ltr'><em>aliena</em></span> <span class='ocrx_word' id='word_1_203' title='bbox 203 2350 374 2427; x_wconf 88' lang='lat' dir='ltr'><em>restituant,</em></span> <span class='ocrx_word' id='word_1_204' title='bbox 397 2350 440 2413; x_wconf 93' lang='lat' dir='ltr'><em>ad</em></span> <span class='ocrx_word' id='word_1_205' title='bbox 460 2369 548 2413; x_wconf 82' lang='lat' dir='ltr'><em>cosas</em></span> <span class='ocrx_word' id='word_1_206' title='bbox 569 2370 630 2415; x_wconf 90' lang='lat' dir='ltr'><em>esso</em></span> <span class='ocrx_word' id='word_1_207' title='bbox 651 2352 838 2414; x_wconf 89' lang='lat' dir='ltr'><em>redeundum</em></span> <span class='ocrx_word' id='word_1_208' title='bbox 861 2357 890 2414; x_wconf 89' lang='lat' dir='ltr'><em>et</em></span> <span class='ocrx_word' id='word_1_209' title='bbox 906 2353 941 2415; x_wconf 91' lang='lat' dir='ltr'><em>in</em></span> <span class='ocrx_word' id='word_1_210' title='bbox 959 2357 1084 2433; x_wconf 80' lang='lat' dir='ltr'><em>apostate</em></span> 
     </span>
     <span class='ocr_line' id='line_1_25' title="bbox 71 2437 1084 2520; baseline -0.002 -17"><span class='ocrx_word' id='word_1_211' title='bbox 71 2456 110 2502; x_wconf 88' lang='lat' dir='ltr'><em>ae</em></span> <span class='ocrx_word' id='word_1_212' title='bbox 133 2439 271 2503; x_wconf 88' lang='lat' dir='ltr'><em>miseriis</em></span> <span class='ocrx_word' id='word_1_213' title='bbox 293 2438 461 2501; x_wconf 81' lang='lat' dir='ltr'><em>lamudam.</em></span> <span class='ocrx_word' id='word_1_214' title='bbox 488 2437 686 2518; x_wconf 81' lang='lat' dir='ltr'><em>(Lactantius</em></span> <span class='ocrx_word' id='word_1_215' title='bbox 698 2439 768 2502; x_wconf 88' lang='lat' dir='ltr'><em>inst.</em></span> <span class='ocrx_word' id='word_1_216' title='bbox 787 2440 846 2502; x_wconf 87' lang='lat' dir='ltr'><em>dia.</em></span> <span class='ocrx_word' id='word_1_217' title='bbox 866 2438 958 2502; x_wconf 75' lang='lat'><strong><em>1⁷16.</em></strong></span> <span class='ocrx_word' id='word_1_218' title='bbox 971 2440 1084 2520; x_wconf 81' lang='lat'><strong><em>2-4.)</em></strong></span> 
     </span>
     <span class='ocr_line' id='line_1_26' title="bbox 35 2524 1134 2591; baseline -0.001 0"><span class='ocrx_word' id='word_1_219' title='bbox 35 2535 59 2573; x_wconf 73' lang='lat'><em>²⁵</em></span> <span class='ocrx_word' id='word_1_220' title='bbox 143 2525 277 2591; x_wconf 84' lang='lat' dir='ltr'><em>Sublata</em></span> <span class='ocrx_word' id='word_1_221' title='bbox 297 2524 455 2588; x_wconf 85' lang='lat' dir='ltr'><em>bominum</em></span> <span class='ocrx_word' id='word_1_222' title='bbox 477 2526 637 2589; x_wconf 82' lang='lat' dir='ltr'><em>eoncordia</em></span> <span class='ocrx_word' id='word_1_223' title='bbox 658 2527 756 2590; x_wconf 79' lang='lat' dir='ltr'><em>uirtus</em></span> <span class='ocrx_word' id='word_1_224' title='bbox 777 2525 866 2589; x_wconf 93' lang='lat' dir='ltr'><em>nulla</em></span> <span class='ocrx_word' id='word_1_225' title='bbox 887 2530 931 2589; x_wconf 91' lang='lat' dir='ltr'><em>est</em></span> <span class='ocrx_word' id='word_1_226' title='bbox 951 2527 1083 2590; x_wconf 89' lang='lat' dir='ltr'><em>omnino.</em></span> <span class='ocrx_word' id='word_1_227' title='bbox 1102 2538 1134 2590; x_wconf 67' lang='lat'><em>22</em></span> 
     </span>
     <span class='ocr_line' id='line_1_27' title="bbox 75 2611 1087 2694; baseline 0 -17"><span class='ocrx_word' id='word_1_228' title='bbox 75 2611 166 2691; x_wconf 75' lang='lat' dir='ltr'><em>Quae</em></span> <span class='ocrx_word' id='word_1_229' title='bbox 183 2617 256 2678; x_wconf 89' lang='lat' dir='ltr'><em>sunt</em></span> <span class='ocrx_word' id='word_1_230' title='bbox 273 2614 354 2677; x_wconf 90' lang='lat' dir='ltr'><em>euim</em></span> <span class='ocrx_word' id='word_1_231' title='bbox 361 2612 488 2694; x_wconf 89' lang='lat' dir='ltr'><em>patriae</em></span> <span class='ocrx_word' id='word_1_232' title='bbox 501 2614 656 2676; x_wconf 82' lang='lat' dir='ltr'><em>aonomoda</em></span> <span class='ocrx_word' id='word_1_233' title='bbox 669 2615 733 2677; x_wconf 89' lang='lat' dir='ltr'><em>uisi</em></span> <span class='ocrx_word' id='word_1_234' title='bbox 746 2614 872 2677; x_wconf 86' lang='lat' dir='ltr'><em>alterius</em></span> <span class='ocrx_word' id='word_1_235' title='bbox 885 2614 1017 2679; x_wconf 76' lang='lat' dir='ltr'><em>diritatis</em></span> <span class='ocrx_word' id='word_1_236' title='bbox 1029 2619 1087 2678; x_wconf 88' lang='lat' dir='ltr'><em>aut</em></span> 
     </span>
     <span class='ocr_line' id='line_1_28' title="bbox 70 2700 1085 2783; baseline 0.002 -18"><span class='ocrx_word' id='word_1_237' title='bbox 70 2704 177 2777; x_wconf 79' lang='lat' dir='ltr'><em>aentis</em></span> <span class='ocrx_word' id='word_1_238' title='bbox 198 2700 412 2765; x_wconf 79' lang='lat' dir='ltr'><em>incommodo?</em></span> <span class='ocrx_word' id='word_1_239' title='bbox 439 2701 474 2765; x_wconf 92' lang='lat' dir='ltr'><em>id</em></span> <span class='ocrx_word' id='word_1_240' title='bbox 494 2705 539 2765; x_wconf 90' lang='lat' dir='ltr'><em>est</em></span> <span class='ocrx_word' id='word_1_241' title='bbox 558 2702 634 2781; x_wconf 73' lang='lat' dir='ltr'><em>fines</em></span> <span class='ocrx_word' id='word_1_242' title='bbox 650 2722 825 2783; x_wconf 80' lang='lat' dir='ltr'><em>propapare</em></span> <span class='ocrx_word' id='word_1_243' title='bbox 845 2701 920 2767; x_wconf 90' lang='lat' dir='ltr'><em>aliis</em></span> <span class='ocrx_word' id='word_1_244' title='bbox 941 2703 1085 2767; x_wconf 84' lang='lat' dir='ltr'><em>uiolenter</em></span> 
     </span>
     <span class='ocr_line' id='line_1_29' title="bbox 73 2788 1077 2871; baseline 0.007 -22"><span class='ocrx_word' id='word_1_245' title='bbox 73 2794 207 2871; x_wconf 90' lang='lat' dir='ltr'><em>ereptos,</em></span> <span class='ocrx_word' id='word_1_246' title='bbox 234 2808 343 2869; x_wconf 82' lang='lat' dir='ltr'><em>aupere</em></span> <span class='ocrx_word' id='word_1_247' title='bbox 368 2788 544 2869; x_wconf 88' lang='lat' dir='ltr'><em>imperium,</em></span> <span class='ocrx_word' id='word_1_248' title='bbox 570 2789 729 2869; x_wconf 80' lang='lat' dir='ltr'><em>oedipalia</em></span> <span class='ocrx_word' id='word_1_249' title='bbox 749 2790 848 2869; x_wconf 78' lang='lat' dir='ltr'><em>faeere</em></span> <span class='ocrx_word' id='word_1_250' title='bbox 869 2792 1077 2857; x_wconf 80' lang='lat' dir='ltr'><em>meliora...</em></span> 
     </span>
     <span class='ocr_line' id='line_1_30' title="bbox 74 2874 1084 2960; baseline 0.006 -21"><span class='ocrx_word' id='word_1_251' title='bbox 74 2874 170 2941; x_wconf 89' lang='lat' dir='ltr'><em>Haeo</em></span> <span class='ocrx_word' id='word_1_252' title='bbox 191 2877 301 2957; x_wconf 81' lang='lat' dir='ltr'><em>itaque,</em></span> <span class='ocrx_word' id='word_1_253' title='bbox 323 2880 359 2940; x_wconf 90' lang='lat' dir='ltr'><em>ut</em></span> <span class='ocrx_word' id='word_1_254' title='bbox 375 2876 436 2956; x_wconf 87' lang='lat' dir='ltr'><em>ipsi</em></span> <span class='ocrx_word' id='word_1_255' title='bbox 453 2876 617 2957; x_wconf 88' lang='lat' dir='ltr'><em>appellant,</em></span> <span class='ocrx_word' id='word_1_256' title='bbox 641 2877 720 2941; x_wconf 91' lang='lat' dir='ltr'><em>bona</em></span> <span class='ocrx_word' id='word_1_257' title='bbox 737 2880 875 2960; x_wconf 79' lang='lat' dir='ltr'><em>quisquis</em></span> <span class='ocrx_word' id='word_1_258' title='bbox 886 2881 1013 2960; x_wconf 88' lang='lat' dir='ltr'><em>patriae</em></span> <span class='ocrx_word' id='word_1_259' title='bbox 1030 2881 1084 2945; x_wconf 92' lang='lat' dir='ltr'><em>ad·</em></span> 
     </span>
     <span class='ocr_line' id='line_1_31' title="bbox 38 2964 1084 3048; baseline 0.003 -21"><span class='ocrx_word' id='word_1_260' title='bbox 38 2970 62 3011; x_wconf 77' lang='lat'><em>⁵⁰</em></span> <span class='ocrx_word' id='word_1_261' title='bbox 75 2964 228 3041; x_wconf 81' lang='lat' dir='ltr'><em>quisierit‚</em></span> <span class='ocrx_word' id='word_1_262' title='bbox 246 2964 300 3027; x_wconf 85' lang='lat' dir='ltr'><em>loe</em></span> <span class='ocrx_word' id='word_1_263' title='bbox 313 2968 358 3027; x_wconf 90' lang='lat' dir='ltr'><em>ost</em></span> <span class='ocrx_word' id='word_1_264' title='bbox 369 2965 479 3028; x_wconf 85' lang='lat' dir='ltr'><em>euersis</em></span> <span class='ocrx_word' id='word_1_265' title='bbox 491 2964 664 3029; x_wconf 77' lang='lat' dir='ltr'><em>multatibus</em></span> <span class='ocrx_word' id='word_1_266' title='bbox 674 2967 869 3048; x_wconf 76' lang='lat' dir='ltr'><em>pentibuspue</em></span> <span class='ocrx_word' id='word_1_267' title='bbox 881 2968 984 3030; x_wconf 88' lang='lat' dir='ltr'><em>deletis</em></span> <span class='ocrx_word' id='word_1_268' title='bbox 996 2988 1084 3031; x_wconf 91' lang='lat' dir='ltr'><em>aera·</em></span> 
     </span>
     <span class='ocr_line' id='line_1_32' title="bbox 76 3052 1083 3133; baseline 0.008 -24"><span class='ocrx_word' id='word_1_269' title='bbox 76 3052 165 3115; x_wconf 88' lang='lat' dir='ltr'><em>rium</em></span> <span class='ocrx_word' id='word_1_270' title='bbox 181 3052 315 3132; x_wconf 79' lang='lat' dir='ltr'><em>pecunia</em></span> <span class='ocrx_word' id='word_1_271' title='bbox 337 3052 496 3131; x_wconf 75' lang='lat' dir='ltr'><em>retorserit,</em></span> <span class='ocrx_word' id='word_1_272' title='bbox 518 3072 609 3133; x_wconf 84' lang='lat' dir='ltr'><em>apros</em></span> <span class='ocrx_word' id='word_1_273' title='bbox 630 3055 747 3133; x_wconf 77' lang='lat' dir='ltr'><em>ceperit,</em></span> <span class='ocrx_word' id='word_1_274' title='bbox 770 3055 848 3117; x_wconf 86' lang='lat' dir='ltr'><em>eires</em></span> <span class='ocrx_word' id='word_1_275' title='bbox 867 3072 939 3117; x_wconf 89' lang='lat' dir='ltr'><em>suos</em></span> <span class='ocrx_word' id='word_1_276' title='bbox 958 3054 1083 3133; x_wconf 84' lang='lat' dir='ltr'><em>loeuple-</em></span> 
     </span>
     <span class='ocr_line' id='line_1_33' title="bbox 6 3138 1085 3219; baseline 0.002 -20"><span class='ocrx_word' id='word_1_277' title='bbox 6 3196 18 3210; x_wconf 69' lang='lat'>,</span> <span class='ocrx_word' id='word_1_278' title='bbox 78 3139 173 3203; x_wconf 86' lang='lat' dir='ltr'><em>tiores</em></span> <span class='ocrx_word' id='word_1_279' title='bbox 188 3140 300 3218; x_wconf 85' lang='lat' dir='ltr'><em>feeerit,</em></span> <span class='ocrx_word' id='word_1_280' title='bbox 317 3138 366 3202; x_wconf 85' lang='lat' dir='ltr'><em>bia</em></span> <span class='ocrx_word' id='word_1_281' title='bbox 383 3138 525 3203; x_wconf 77' lang='lat' dir='ltr'><em>laudibus</em></span> <span class='ocrx_word' id='word_1_282' title='bbox 540 3140 641 3217; x_wconf 78' lang='lat' dir='ltr'><em>fertem</em></span> <span class='ocrx_word' id='word_1_283' title='bbox 653 3142 689 3203; x_wconf 90' lang='lat' dir='ltr'><em>in</em></span> <span class='ocrx_word' id='word_1_284' title='bbox 702 3140 827 3217; x_wconf 88' lang='lat' dir='ltr'><em>eaelum,</em></span> <span class='ocrx_word' id='word_1_285' title='bbox 843 3140 878 3202; x_wconf 92' lang='lat' dir='ltr'><em>in</em></span> <span class='ocrx_word' id='word_1_286' title='bbox 891 3139 946 3203; x_wconf 88' lang='lat' dir='ltr'><em>boo</em></span> <span class='ocrx_word' id='word_1_287' title='bbox 952 3144 1085 3219; x_wconf 87' lang='lat' dir='ltr'><em>putatur</em></span> 
     </span>
     <span class='ocr_line' id='line_1_34' title="bbox 1 3226 1084 3308; baseline 0.002 -19"><span class='ocrx_word' id='word_1_288' title='bbox 1 3274 2 3281; x_wconf 15' lang='grc' dir='ltr'><strong>κ</strong></span> <span class='ocrx_word' id='word_1_289' title='bbox 78 3244 204 3291; x_wconf 86' lang='lat' dir='ltr'><em>sumnm</em></span> <span class='ocrx_word' id='word_1_290' title='bbox 230 3230 259 3290; x_wconf 90' lang='lat' dir='ltr'><em>et</em></span> <span class='ocrx_word' id='word_1_291' title='bbox 278 3226 413 3307; x_wconf 82' lang='lat' dir='ltr'><em>perfecta</em></span> <span class='ocrx_word' id='word_1_292' title='bbox 435 3246 496 3291; x_wconf 87' lang='lat' dir='ltr'><em>esse</em></span> <span class='ocrx_word' id='word_1_293' title='bbox 517 3228 630 3302; x_wconf 87' lang='lat' dir='ltr'><em>uirtus;</em></span> <span class='ocrx_word' id='word_1_294' title='bbox 656 3228 711 3306; x_wconf 78' lang='lat' dir='ltr'><em>oui</em></span> <span class='ocrx_word' id='word_1_295' title='bbox 732 3247 817 3291; x_wconf 86' lang='lat' dir='ltr'><em>error</em></span> <span class='ocrx_word' id='word_1_296' title='bbox 838 3246 901 3289; x_wconf 89' lang='lat' dir='ltr'><em>nou</em></span> <span class='ocrx_word' id='word_1_297' title='bbox 923 3228 1010 3290; x_wconf 92' lang='lat' dir='ltr'><em>modo</em></span> <span class='ocrx_word' id='word_1_298' title='bbox 1026 3248 1084 3308; x_wconf 91' lang='lat' dir='ltr'><em>po-</em></span> 
     </span>
     <span class='ocr_line' id='line_1_35' title="bbox 74 3312 1083 3396; baseline 0.001 -18"><span class='ocrx_word' id='word_1_299' title='bbox 74 3315 149 3391; x_wconf 89' lang='lat' dir='ltr'><em>puli</em></span> <span class='ocrx_word' id='word_1_300' title='bbox 174 3318 203 3377; x_wconf 90' lang='lat' dir='ltr'><em>et</em></span> <span class='ocrx_word' id='word_1_301' title='bbox 229 3314 450 3394; x_wconf 86' lang='lat' dir='ltr'><em>imperitorum,</em></span> <span class='ocrx_word' id='word_1_302' title='bbox 477 3315 530 3377; x_wconf 89' lang='lat' dir='ltr'><em>sed</em></span> <span class='ocrx_word' id='word_1_303' title='bbox 556 3314 648 3377; x_wconf 90' lang='lat' dir='ltr'><em>etiam</em></span> <span class='ocrx_word' id='word_1_304' title='bbox 670 3312 919 3395; x_wconf 74' lang='lat' dir='ltr'><em>pbilosophorum</em></span> <span class='ocrx_word' id='word_1_305' title='bbox 945 3318 1000 3391; x_wconf 89' lang='lat' dir='ltr'><em>est,</em></span> <span class='ocrx_word' id='word_1_306' title='bbox 1029 3315 1083 3396; x_wconf 78' lang='lat' dir='ltr'><em>qui</em></span> 
     </span>
     <span class='ocr_line' id='line_1_36' title="bbox 43 3401 1085 3482; baseline 0.003 -17"><span class='ocrx_word' id='word_1_307' title='bbox 43 3411 66 3449; x_wconf 73' lang='lat'><em>⁵⁵</em></span> <span class='ocrx_word' id='word_1_308' title='bbox 74 3406 239 3482; x_wconf 82' lang='lat' dir='ltr'><em>praecepta</em></span> <span class='ocrx_word' id='word_1_309' title='bbox 267 3422 381 3481; x_wconf 80' lang='lat' dir='ltr'><em>quoque</em></span> <span class='ocrx_word' id='word_1_310' title='bbox 409 3402 486 3465; x_wconf 89' lang='lat' dir='ltr'><em>dant</em></span> <span class='ocrx_word' id='word_1_311' title='bbox 513 3402 556 3464; x_wconf 90' lang='lat' dir='ltr'><em>ad</em></span> <span class='ocrx_word' id='word_1_312' title='bbox 582 3401 781 3477; x_wconf 88' lang='lat' dir='ltr'><em>iniustitiam,</em></span> <span class='ocrx_word' id='word_1_313' title='bbox 810 3421 848 3465; x_wconf 92' lang='lat' dir='ltr'><em>ne</em></span> <span class='ocrx_word' id='word_1_314' title='bbox 875 3401 1022 3467; x_wconf 89' lang='lat' dir='ltr'><em>stultitiae</em></span> <span class='ocrx_word' id='word_1_315' title='bbox 1048 3422 1085 3468; x_wconf 83' lang='lat' dir='ltr'><em>ao</em></span> 
     </span>
     <span class='ocr_line' id='line_1_37' title="bbox 80 3485 1075 3639; baseline 0.005 -87"><span class='ocrx_word' id='word_1_316' title='bbox 80 3490 220 3639; x_wconf 44' lang='lat' dir='ltr'><em>malitiae</em></span> <span class='ocrx_word' id='word_1_317' title='bbox 237 3490 415 3570; x_wconf 82' lang='lat' dir='ltr'><em>disa‘pliuae</em></span> <span class='ocrx_word' id='word_1_318' title='bbox 431 3490 598 3553; x_wconf 87' lang='lat' dir='ltr'><em>auotoritas</em></span> <span class='ocrx_word' id='word_1_319' title='bbox 614 3489 697 3553; x_wconf 88' lang='lat' dir='ltr'><em>desit.</em></span> <span class='ocrx_word' id='word_1_320' title='bbox 724 3485 922 3571; x_wconf 83' lang='lat' dir='ltr'><em>(Lactantius</em></span> <span class='ocrx_word' id='word_1_321' title='bbox 938 3490 1075 3558; x_wconf 78' lang='lat' dir='ltr'><em>insidia</em></span> 
     </span>
    </p>
   </div>
   <div class='ocr_carea' id='block_1_3' title="bbox 817 3682 872 3735">
    <p class='ocr_par' dir='ltr' id='par_1_3' title="bbox 817 3682 872 3735">
     <span class='ocr_line' id='line_1_38' title="bbox 817 3682 872 3735; baseline 0 0"><span class='ocrx_word' id='word_1_322' title='bbox 817 3682 872 3735; x_wconf 74' lang='lat'><em>22*</em></span> 
     </span>
    </p>
   </div>
   <div class='ocr_carea' id='block_1_4' title="bbox 0 0 1342 4209">
    <p class='ocr_par' dir='ltr' id='par_1_4' title="bbox 0 0 1342 4209">
     <span class='ocr_line' id='line_1_39' title="bbox 0 0 1342 4209; baseline 0 0"><span class='ocrx_word' id='word_1_323' title='bbox 0 0 1342 4209; x_wconf 95' lang='lat' dir='ltr'><em> </em></span> 
     </span>
    </p>
   </div>
  </div>
 </body>
</html>
