2675 4209
168 262 230 318 LIB.
247 265 294 321 III.
313 263 458 333 FRAGM,
476 264 544 321 LIB.
563 265 609 321 IV.
628 264 776 332 ARGUM,
796 265 872 319 csP.
891 272 916 321 1.
934 272 950 332 ὅ
970 273 994 321 1.
1017 266 1083 331 353

326 482 374 556 u.
404 483 563 557 rursu
589 481 837 557 crcsuorus

230 638 338 736 DE
388 641 494 737 RE
539 638 935 741 PUBLIOA

387 818 528 878 LIBER
555 818 778 889 QUARTUS.

436 1082 729 1144 ARGUMENTUM.

152 1192 288 1258 Quoniam
313 1194 413 1251 civitas
438 1196 582 1249 hominum
606 1199 650 1251 est
671 1196 755 1252 beate
776 1198 949 1266 honesteque
971 1196 1086 1251 vivendi

85 1261 209 1331 societas,
228 1266 304 1319 haud
324 1282 388 1320 sane
406 1266 501 1336 potuit
519 1267 586 1331 fieri,
605 1266 681 1335 quin,
701 1285 763 1321 cum
783 1267 817 1321 de
835 1268 953 1333 iustitia,
972 1283 1027 1335 qua
1044 1267 1085 1320 ri·

82 1333 126 1411 tae
139 1334 238 1391 beatae
254 1335 380 1389 condicio
396 1336 562 1401 continetur,
576 1338 648 1391 libro
663 1338 805 1406 superiore
819 1336 993 1407 disputatum
1002 1338 1085 1403 esset,

82 1419 137 1457 1a1n
155 1405 190 1459 de
208 1405 332 1461 moribus
346 1407 375 1461 et
389 1406 594 1461 conformandis
608 1410 638 1461 et
651 1407 763 1461 tuendis
778 1424 868 1461 sermo
881 1406 1084 1462 institueretur.

81 1472 121 1527 Ao
147 1478 343 1546 praeterquam
368 1478 443 1545 quod
471 1478 525 1531 duo
553 1478 616 1545 illa,
644 1493 716 1545 quae
739 1477 800 1529 sola
823 1476 910 1530 codex
931 1476 1085 1529 Vaticanus

81 1548 214 1613 praestat,
232 1548 315 1601 huius
333 1548 399 1601 libri
412 1548 569 1618 fragmenta
582 1546 725 1617 publicam
738 1546 892 1601 iuventutis
907 1545 1086 1615 disciplinam

81 1616 234 1685 attingunt,
260 1619 307 1686 qui
331 1619 365 1672 ab
389 1618 453 1672 aliis
477 1618 659 1688 scriptoribus
678 1617 725 1671 vel
743 1635 777 1670 ex
793 1617 848 1671 hoc
865 1616 928 1687 ipso
946 1616 1018 1669 libro
1038 1617 1086 1669 ad-

81 1685 208 1741 feruntur
225 1688 272 1742 vel
289 1688 358 1743 Maii
376 1689 489 1758 quidem
508 1688 612 1742 iudicio
632 1705 665 1742 ex
684 1688 782 1741 eodem
800 1688 866 1742 sunt
882 1687 1011 1758 repetiti,
1030 1687 1086 1741 loci

82 1758 180 1811 eodem
202 1759 344 1828 pertinent
369 1777 471 1815 omnes.
509 1760 580 1813 Sunt
603 1759 678 1813 enim
700 1760 804 1829 partim
823 1759 857 1813 de
876 1759 987 1813 tuendis
1006 1758 1086 1813 insti-

81 1828 164 1898 tutis,
182 1829 319 1898 moribus,
337 1830 500 1896 virtutibus,
518 1830 622 1900 partim
639 1830 675 1884 de
693 1831 843 1885 earundem
860 1847 953 1884 rerum
969 1830 1086 1885 tuenda

82 1915 142 1951 rum
160 1899 322 1957 rationibus.
355 1902 428 1955 Hinc
447 1917 536 1955 sermo
555 1901 589 1955 de
608 1901 731 1955 virorum
747 1901 932 1955 notandorum
947 1900 1005 1955 iure
1020 1905 1085 1971 pos

26 1999 31 2028 ι
81 1969 130 2035 tis,
154 1970 319 2039 praesertim
341 1970 372 2025 in
390 1988 502 2037 scaena,
526 1972 690 2041 denegando
709 1973 739 2025 et
756 1972 823 2025 solis
843 1970 1002 2025 censoribus
1022 1988 1085 2025 con-

26 2048 29 2055 '
82 2038 216 2108 cedendo,
235 2040 269 2095 de
287 2042 435 2096 mulierum
454 2043 548 2095 autem
567 2058 683 2095 censura
700 2041 767 2096 solis
785 2041 853 2096 viris
871 2040 1062 2109 relinquenda.

149 2252 281 2319 Tmtato
295 2259 405 2332 tamen,
418 2256 564 2337 quomam
577 2257 713 2336 corporis
725 2260 755 2319 et
766 2257 867 2319 amimi
877 2257 964 2335 facta
971 2256 1084 2319 memtio
1103 2246 1121 2369 ᾖ

80 2348 137 2420 est,
158 2344 316 2424 utriusque
337 2344 494 2421 rationem,
516 2348 667 2425 quamtum
683 2343 844 2424 pusillitas
865 2343 1084 2423 inteltepmtc‘ae

23 2490 24 2513 ,
81 2451 165 2497 meae
185 2432 333 2513 persistat,
360 2432 518 2512 explicam.
564 2430 653 2511 Quod
677 2430 815 2511 officiam
841 2429 898 2494 hac
927 2430 965 2494 da
990 2448 1085 2493 caasa

23 2518 25 2599 l
82 2519 215 2585 maxime
236 2519 461 2601 suscipimdmm
480 2523 563 2600 pata,
585 2521 667 2601 qaod
682 2519 731 2583 M.
750 2518 881 2596 Tulliam,
902 2518 953 2582 m'r
969 2518 1086 2598 iaamii

23 2604 24 2613 ’
59 2607 263 2689 ssimpmlam's
286 2609 321 2671 im
343 2612 451 2688 quarto
474 2610 510 2672 ate
530 2627 565 2671 re
584 2608 707 2688 mettica
729 2607 819 2685 istm,
841 2626 911 2671 cam
931 2606 967 2671 ia
985 2606 1087 2685 facere

23 2756 24 2759 ,
85 2699 231 2773 tentasset,
253 2696 415 2759 matem'am
438 2697 497 2760 tate
513 2700 669 2777 patmtem
690 2696 829 2777 amastis
849 2694 964 2778 finitas
982 2695 1087 2759 mrmo‘-

85 2782 172 2848 mam't
191 2782 294 2847 leviter
314 2802 436 2848 mmma
458 2804 591 2866 quaeqae
612 2786 778 2865 mmmm.
809 2784 858 2849 Aa
874 2805 913 2849 me
929 2784 997 2849 alla
1013 2788 1088 2849 esset

86 2871 243 2948 excusatio,
266 2891 322 2935 mm
337 2891 407 2936 emm
425 2873 523 2937 lomim
540 2893 603 2937 mom
618 2874 716 2953 feeerit
732 2877 893 2949 exsecutus,
915 2874 979 2954 epse
997 2876 1085 2936 testa

88 2964 136 3023 ms
160 2962 202 3021 est
226 2980 285 3023 neo
312 2960 514 3025 voluntatem
542 2960 604 3023 sibi
632 2960 772 3024 defuisse
798 2980 857 3024 neo
879 2980 998 3023 curam.
1043 2958 1088 3022 In

49 3067 75 3107 ιο
90 3047 161 3112 libro
186 3047 268 3110 mim
294 3048 330 3111 da
357 3048 470 3130 leuitas
493 3048 608 3127 pm'mo,
635 3067 705 3111 mm
730 3048 785 3111 boc
806 3047 887 3109 talem
907 3045 1087 3109 summatim

23 3136 25 3151 ³
89 3134 252 3215 strimemt,
274 3137 318 3200 sic
339 3136 402 3200 ait:
424 3133 519 3197 Hunc
541 3133 648 3196 locum
671 3133 767 3214 satis,
788 3136 825 3195 ut
848 3132 928 3195 mihi
951 3130 1087 3215 videtur,
1180 3200 1182 3206 y

89 3222 124 3287 in
138 3221 175 3284 iis
193 3222 295 3305 libris,
318 3244 399 3307 quos
418 3220 555 3307 legistis,
573 3219 732 3304 expressit
750 3217 867 3303 Scipio.
888 3218 1087 3301 (Lactantius

90 3310 125 3375 a
143 3311 258 3392 uptam
280 3312 330 3375 aa
351 3316 380 3376 1.
401 3309 549 3393 11-13.)

151 3399 196 3463 M.
221 3398 342 3465 Tattius
367 3400 404 3463 de
429 3419 462 3463 re
482 3397 567 3481 psobl.
589 3395 615 3460 I
617 3394 658 3461 V:
689 3392 799 3477 Atque
826 3394 899 3477 ipsa
925 3414 1016 3457 mens
1039 3416 1087 3479 ea,

54 3505 80 3549 15
94 3508 167 3572 quae
183 3486 294 3551 futura
311 3486 408 3570 ridet,
426 3484 603 3571 praeterita
621 3482 777 3549 meminit.
805 3481 902 3563 (Nom
909 3504 943 3567 p.
957 3484 1028 3548 500.
1041 3485 1087 3567 9.)

152 3574 313 3640 Praeclare
334 3576 382 3641 M.
405 3575 542 3641 Tattius:
564 3573 704 3660 Etenim,
727 3572 872 3639 sinemo
896 3575 956 3656 est,
977 3572 1088 3656 imqatt,

142 3686 279 3731 morus.
839 3681 874 3732 23
