2675 4209
220 276 286 341 282
578 277 627 331 DE
645 278 695 331 Ru
713 277 869 332 PUBLIGA

219 424 341 506 natam,
359 424 435 505 post
454 424 563 485 autem
582 422 623 486 ab
642 420 778 485 Eudoxo
796 420 920 505 cnidio,
943 421 1111 507 discipulo,
1128 426 1167 486 ut
1184 422 1230 486 fe·

220 510 327 592 rebat,
350 508 512 593 Platonis,
540 510 675 573 eandem
696 510 790 573 illam
813 510 912 575 astris
935 511 1118 594 stellisque,
1146 532 1229 594 quae

220 624 247 677 p.
263 600 310 679 65]
330 598 419 662 caelo
435 597 650 681 inhaererent,
669 595 749 684 estse
763 598 973 682 descriptam,
995 598 1085 663 ouius
1100 620 1229 662 omnem

221 689 371 749 ornatum
395 687 428 749 et
452 684 700 769 descriptionem
722 690 887 771 sumptam
906 686 947 749 ab
961 685 1096 751 Eudoxo
1115 686 1229 750 multis

222 773 314 837 anuis
337 778 413 857 post
435 795 502 837 non
524 774 723 859 astrologiae
746 774 894 856 scientia,
922 774 979 837 sed
1001 774 1129 857 politica
1152 792 1255 857 qua-5

221 861 296 925 dam
317 860 474 925 facultate
496 861 644 927 versibus
667 862 807 926 Aratum
830 861 993 926 extulisse.
1023 860 1096 927 Hoc
1119 866 1229 925 autem

222 949 378 1034 sphaerae
402 969 513 1034 genus,
535 949 570 1013 in
593 971 657 1032 quo
682 950 761 1013 solis
784 953 818 1013 et
840 949 936 1013 lunae
957 954 1066 1013 motus
1085 950 1234 1050 Q

222 1040 255 1100 et
282 1057 393 1100 earum
421 1036 561 1120 quinque
590 1037 774 1121 stellarum,
802 1059 884 1120 quae
910 1042 1056 1101 errantes
1079 1041 1113 1101 et
1136 1060 1230 1121 quasr

222 1144 325 1208 vagae
352 1124 611 1208 nominarentur,
638 1125 675 1189 in
700 1125 761 1189 illa
787 1126 926 1209 sphaera
954 1125 1059 1190 solida
1084 1146 1152 1190 non
1172 1148 1229 1210 po·

221 1212 324 1276 tuisse
347 1211 443 1293 finiri,
467 1216 563 1296 atque
586 1213 621 1276 in
643 1234 682 1277 eo
706 1213 930 1277 admirandum
953 1235 1024 1277 esse
1041 1210 1227 1300 inventum!
1242 1231 1268 1270 1⁰

220 1328 247 1379 p.
267 1302 314 1380 66]
338 1298 536 1384 Archimedi,
559 1301 645 1384 quod
668 1302 895 1387 excogitasset,
918 1323 1014 1384 quem
1037 1302 1229 1366 admodum

219 1387 255 1452 in
278 1387 505 1453 dissimillimis
529 1389 673 1453 motibus
696 1389 918 1473 inaequabiles
937 1392 970 1453 et
987 1389 1096 1455 varios
1115 1412 1228 1454 cursus

221 1480 365 1541 servaret
392 1498 457 1541 una
484 1477 660 1542 conversio.
701 1477 796 1542 Hane
821 1477 993 1561 sphaeram
1016 1476 1132 1542 Gallus
1154 1500 1228 1543 cum

220 1567 378 1648 moveret,
404 1565 516 1650 fiebat,
543 1569 581 1630 ut
608 1565 671 1629 soli
697 1565 776 1629 luna
802 1564 941 1631 totidem
963 1566 1228 1630 conversionibus

219 1652 254 1716 in
277 1674 349 1716 aere
371 1652 440 1736 illo,
464 1656 543 1736 quot
566 1653 679 1717 diebus
702 1653 737 1717 in
759 1653 831 1737 ipso
851 1654 951 1736 caelo,
973 1654 1166 1737 succederet,
1189 1669 1268 1718 ex1⁵

220 1762 283 1823 quo
312 1744 345 1802 et
371 1740 406 1803 in
433 1741 550 1822 [caelo]
582 1740 722 1824 sphaera
744 1741 823 1804 solis
846 1741 939 1805 fieret
961 1741 1072 1806 eadem
1095 1742 1155 1806 illa
1177 1742 1229 1806 de-

218 1827 316 1892 fectio
337 1830 370 1890 et
387 1826 542 1892 incideret
560 1828 728 1891 lunatum
745 1828 780 1891 in
798 1850 871 1892 eam
888 1833 1019 1913 metam,
1042 1851 1124 1913 quae
1142 1834 1229 1895 esset

219 1915 335 1979 umbra
357 1918 472 1998 terrae,
496 1936 568 1979 cum
592 1916 642 1979 sol
666 1937 684 1979 e
706 1915 839 2001 regione
862 1966 870 1981 .
893 1967 900 1981 .
924 1967 932 1981 .
955 1966 962 1981 .

41 1998 448 2127 ,leddfflffltwcto
463 2040 601 2121 popinae
622 2038 672 2103 hic
693 2061 715 2103 a
735 2040 827 2105 Maio
849 2041 1083 2122 ᾱεεὶᾱεναηίαν]

166 2105 248 2231 ttr-
267 2146 314 2224 a]
383 2144 569 2227 ....fua,
600 2166 621 2228 q
665 2145 712 2209 e.
768 2146 780 2208 i
805 2167 839 2209 se
861 2144 1027 2210 hominem
1050 2145 1228 2231 diligebam

220 2236 253 2297 et
281 2232 317 2295 in
347 2231 461 2315 primis
493 2232 581 2317 patri
612 2255 684 2297 meo
743 2255 818 2297 auo
850 2233 1025 2316 probatum
1055 2237 1088 2298 et
1117 2256 1228 2299 carum
1242 2254 1269 2292 20

218 2320 319 2384 fuisse
347 2342 571 2406 cognoveram.
611 2320 746 2399 Memini
771 2343 840 2408 me
849 2320 1023 2385 admodum
1046 2322 1229 2401 adulescen-

218 2408 299 2492 tulo,
322 2430 395 2473 cum
417 2412 512 2494 pater
533 2408 569 2472 in
586 2407 776 2473 Macedonia
797 2410 911 2474 consul
929 2413 1015 2473 esset
1033 2414 1067 2473 et
1084 2431 1228 2475 essemus

218 2496 406 2580 incastris,
433 2497 620 2580 perturbari
643 2498 819 2562 exercitum
842 2499 991 2561 nostrum
1012 2498 1228 2583 rehghmeet

219 2589 317 2671 mQu,
341 2585 427 2667 quod
450 2606 563 2649 serena
584 2589 680 2649 nocte
699 2586 807 2650 subito
826 2585 965 2649 candens
984 2588 1018 2649 et
1035 2586 1132 2670 plena
1150 2586 1229 2650 luna

220 2672 398 2737 defecisset.
438 2671 522 2735 Tum
548 2673 617 2757 ille,
645 2695 718 2737 cum
746 2674 875 2757 legatus
897 2677 1010 2737 noster
1033 2677 1119 2737 esset
1142 2696 1227 2738 anno
1243 2692 1270 2732 ar

218 2788 246 2840 p.
266 2761 313 2839 60]
340 2758 408 2823 fere
438 2763 526 2842 ante,
553 2760 558 2844 Ι
586 2782 684 2844 quam
707 2761 819 2824 consul
843 2764 893 2823 est
916 2761 1112 2841 declaratus,
1141 2761 1230 2826 haud

220 2846 382 2912 dubitavit
399 2847 556 2930 postridie
573 2849 685 2932 palam
702 2848 737 2911 in
755 2848 871 2911 castris
890 2847 1003 2914 docere
1016 2850 1143 2914 nullum
1157 2871 1228 2914 esse

219 2935 417 3021 prodigium,
444 2935 541 3020 idque
569 2939 602 2999 et
628 2939 700 2998 tum
727 2935 852 3000 factum
878 2958 949 3000 esse
972 2940 1006 3000 et
1027 2938 1228 3014 camisiam·

218 3023 352 3107 wihus
385 3045 456 3088 esse
488 3046 553 3087 sem
580 3045 614 3103 er
645 3023 805 3107 futurum,
837 3046 911 3089 cum
943 3025 993 3088 sol
1024 3024 1073 3089 ita
1099 3026 1226 3090 locatus

218 3110 347 3195 fuisset,
377 3116 414 3175 ut
443 3048 646 3176 lunauss'tffd
673 3112 795 3175 lumine
821 3135 888 3177 non
914 3116 1027 3198 posset
1056 3113 1227 3199 attingere.
1243 3132 1270 3172 so

218 3200 285 3264 Ain
310 3200 464 3264 tandem?
491 3200 598 3283 inquit
620 3189 763 3285 'Tliuer03
791 3201 904 3266 docere
930 3200 993 3266 hoc
1017 3204 1147 3286 poterat
1169 3202 1227 3265 ille

218 3286 366 3352 homines
398 3310 500 3372 paene
533 3292 679 3373 agrestes
710 3292 744 3353 et
776 3289 862 3373 apud
890 3288 1060 3372 imperitos
1089 3289 1229 3353 audebat

218 3373 298 3440 haec
321 3376 447 3440 dicere?
475 3375 508 3441 S.
526 3374 587 3441 Ille
610 3398 687 3442 vero
711 3380 745 3439 et
767 3397 888 3461 magna
910 3375 1040 3459 quidem
1063 3398 1135 3440 cum
1150 3428 1176 3441 ..
1192 3428 1221 3442 ..

256 3497 333 3577 [Hie
354 3497 446 3562 Maio
468 3500 548 3563 duae
569 3500 736 3563 minimum
752 3499 890 3580 popinae
911 3499 1053 3563 anatur
1074 3502 1192 3581 decem]

166 3596 200 3645 24
218 3611 246 3665 p.
266 3588 313 3667 vl]
343 3604 437 3667 neque
463 3582 616 3673 iulsolens
644 3586 822 3651 ostentatio
849 3607 954 3671 neque
983 3587 1089 3653 oratio
1112 3588 1228 3669 abhor-
1243 3606 1272 3648 aa
