2675 4209
369 293 437 349 mn.
455 295 476 347 1.
501 293 577 349 οΑΡ.
597 298 875 359 11-14.§1⁷-22.
1035 294 1099 359 281

84 439 182 504 triam
217 438 253 503 di
286 435 392 525 nolbis
424 460 627 505 communem
654 458 763 502 seeum
791 436 959 522 dederunt,
989 439 1029 518 [p.
1049 454 1101 503 270

85 550 156 592 cum
183 527 401 612 praesertim,
431 526 459 591 si
485 526 565 591 haec
592 526 794 611 ignoremus,
823 526 928 590 multa
949 526 1044 590 nobis
1068 531 1101 590 et

83 636 206 701 magna
236 615 423 701 ignoranda
452 614 527 679 sint.
572 613 621 678 Ac
651 635 703 677 me
733 613 876 698 quidem,
905 616 943 677 ut
971 613 1101 677 hercule

83 703 184 767 etiam
218 707 255 767 te
290 703 412 788 ipsum,
443 701 547 785 Laeli,
578 702 747 785 omnisque
779 702 890 767 avidos
922 701 1101 785 sapientiae

56 791 232 876 acognicio
267 790 343 875 ipsa
374 812 483 855 rerum
514 789 793 874 consideratioque
825 790 973 856 delectat.
1019 788 1102 853 Tum
1119 804 1154 853 20

80 877 230 943 Laelius:
261 876 341 943 Non
362 878 506 962 inpedio,
528 878 722 962 praesertim
745 877 898 962 qnoniam
919 877 1029 942 feriati
1052 898 1102 941 sn-

81 989 183 1051 mus,
195 966 258 1033 sed
282 987 454 1051 possumus
478 965 588 1029 audire
609 965 733 1049 aliquid
751 987 794 1030 an
812 966 914 1030 serius
932 966 1101 1031 venimus?

80 1054 156 1119 PH.
179 1054 283 1119 Nihil
305 1058 358 1118 est
381 1054 485 1117 adhuc
508 1054 717 1136 disputatum,
741 1056 782 1137 et,
806 1052 811 1136 Ι
832 1054 984 1137 quoniam
1009 1056 1049 1134 [p.
1067 1069 1101 1118 43

81 1146 132 1206 est
154 1142 345 1229 integrum,
374 1142 514 1206 libenter
536 1141 611 1224 tibi,
638 1140 743 1224 Laeli,
770 1143 808 1205 ut
830 1142 869 1205 de
891 1164 929 1207 eo
953 1142 1103 1225 disseras,

44 1230 240 1314 nequidem
266 1252 463 1296 concessere.
494 1230 532 1293 L.
554 1227 659 1293 Immo
682 1250 760 1294 vero
782 1232 816 1293 te
839 1230 1015 1313 audiamus,
1038 1229 1103 1293 nisi

79 1317 170 1383 forte
200 1318 361 1383 Manilius
393 1317 600 1382 interdictum
633 1317 765 1400 aliquod
795 1316 881 1381 inter
908 1318 988 1382 duos
1016 1317 1101 1381 soles

81 1410 290 1579 stifft}
313 1404 1103 1579 ttttttduhtttttltablith
1192 1473 1195 1476 ·

496 1545 502 1557 ⁸
808 1540 816 1554 ‘
1093 1542 1102 1575 7

80 1580 192 1666 Laeli,
225 1586 333 1647 artem
360 1582 519 1666 inludere,
547 1581 583 1644 in
609 1602 674 1663 qua
699 1578 841 1663 primum
868 1579 997 1643 excellis
1024 1579 1103 1664 ipse,

45 1682 69 1725 ἑὸ
83 1670 203 1736 deinde
237 1671 308 1735 sine
339 1692 403 1754 qua
433 1669 514 1734 scire
543 1689 638 1733 nemo
666 1670 789 1751 potest,
822 1667 899 1751 quid
928 1668 972 1732 sit
1001 1689 1103 1751 suum,

84 1759 166 1841 quid
196 1759 364 1825 alienum?
390 1759 395 1841 1
420 1755 482 1822 Sed
509 1757 575 1821 ista
596 1778 685 1838 mox3
712 1777 796 1821 nunc
820 1756 986 1820 audiamus
1011 1758 1050 1837 [p.
1068 1771 1103 1820 44

82 1843 237 1932 Philum,
269 1869 365 1931 quem
391 1846 485 1911 video
514 1844 692 1909 maioribus
719 1844 786 1908 iam
813 1844 851 1909 de
879 1844 976 1908 rebus
1004 1866 1102 1929 quam

18 1968 19 1971 ¹
84 1956 137 1998 me
165 1940 227 1999 aut
252 1957 349 2017 quam
371 1934 406 1999 P.
429 1933 572 1997 Mucium
595 1932 766 2013 consuli(

154 2022 243 2087 Tum
262 2021 390 2087 Philus:
409 2020 501 2085 Nihil
519 2020 596 2085 novi
614 2021 708 2085 vobis
723 2020 875 2104 adferam,
893 2042 997 2104 neque
1016 2020 1102 2105 quod
1113 1993 1155 2118 M

46 2123 72 2163 20
86 2131 107 2172 a
126 2132 180 2174 mc
201 2112 249 2175 sit
267 2110 446 2195 cogitatum
466 2113 522 2173 ant
539 2108 720 2191 inventum,
738 2131 814 2172 narn
832 2109 990 2173 memoria
1007 2112 1101 2173 teneo

88 2194 124 2261 O.
139 2195 325 2283 Sulpicium
338 2196 479 2280 Gallum,
503 2196 735 2280 doctissimum,
753 2199 790 2259 ut
809 2196 909 2279 scitis,
926 2196 1102 2280 hominem,

86 2305 163 2349 cum
186 2286 276 2350 idem
298 2285 360 2349 hoc
382 2284 488 2349 visum
512 2285 672 2349 diceretur
694 2287 727 2348 et
750 2288 836 2347 esset
859 2307 936 2350 casn
954 2286 1040 2369 apud
1057 2284 1101 2348 M.
1132 2344 1137 2354 ,

86 2370 293 2455 Marcellum,
317 2373 372 2456 qui
391 2394 463 2436 cum
482 2394 519 2436 eo
538 2374 650 2436 consul
667 2372 784 2455 fuerat,
803 2371 984 2455 sphaeram,
1003 2394 1101 2455 quam

87 2458 131 2524 M.
150 2460 302 2526 Marcelli
325 2482 404 2524 avus
428 2460 532 2544 captis
553 2460 557 2541 Ι
578 2457 746 2541 Syracusis
770 2472 808 2522 ex
830 2460 910 2522 urbe
928 2459 974 2523 lo·
994 2461 1033 2539 [p.
1051 2475 1101 2524 103

49 2561 75 2601 2⁵
89 2549 317 2633 cupletissima
341 2551 438 2632 atque
462 2546 671 2611 ornatissima
694 2546 894 2629 sustulisset,
917 2568 990 2611 cum
1013 2546 1102 2610 aliud

87 2637 173 2701 nihil
199 2660 239 2703 ex
259 2640 353 2700 tanta
370 2635 491 2719 praeda
510 2634 641 2698 domum
659 2656 753 2699 suam
771 2634 1015 2719 deportavisset,
1038 2634 1103 2699 ius·

89 2724 172 2789 sisse
196 2724 351 2811 proferri,
374 2723 464 2787 cuius
488 2744 548 2809 ego
568 2720 726 2807 sphaerae
744 2744 817 2788 cum
834 2745 989 2807 persaepe
1007 2745 1102 2808 prop·

89 2814 140 2875 ter
155 2812 347 2877 Archimedi
366 2811 505 2896 gloriam
522 2832 641 2874 nomen
655 2810 825 2895 audissem,
844 2812 983 2895 speciem
996 2812 1103 2896 ipsam

89 2921 157 2965 non
181 2923 254 2965 sum
277 2903 370 2963 tanto
395 2921 491 2984 opere
512 2898 708 2982 admiratus3
730 2902 801 2963 erat
824 2900 910 2963 enim
930 2900 989 2964 illa
1007 2922 1102 2964 venu-

51 2998 77 3041 80
92 2989 176 3053 sti'or
206 2992 239 3052 et
265 2987 408 3052 nobilior
434 2987 469 3050 in
495 2987 626 3072 volgus,
659 3008 757 3070 qnam
784 2987 825 3051 ab
854 2988 966 3051 eodem
990 2987 1102 3050 Archi-

91 3077 187 3141 mede
218 3075 340 3140 factam
367 3077 521 3158 posuerat
547 3075 583 3137 in
609 3074 732 3158 templo
760 3074 901 3139 Virtutis
928 3072 1101 3137 Marcellus

90 3162 189 3228 idem.
226 3162 289 3227 Sed
310 3166 524 3247 posteaquam
544 3160 549 3243 Ι
569 3162 676 3244 coepit
698 3161 858 3225 rationem
879 3160 975 3224 huius
995 3161 1036 3239 [p.
1051 3176 1102 3223 104
1120 3173 1155 3221 22

93 3252 203 3335 operis
232 3250 446 3316 scientissime
469 3246 584 3312 Gallus
612 3268 784 3331 exponere,
811 3249 885 3330 plus
912 3247 947 3309 in
973 3247 1032 3310 illo
1056 3244 1103 3309 Si-

93 3338 169 3403 culo
204 3339 339 3424 ingenii,
375 3359 472 3422 quam
502 3333 666 3400 videretur
697 3337 815 3398 natura
845 3333 988 3397 humana
1017 3334 1103 3399 ferre

55 3438 81 3479 ³5
95 3426 252 3510 potuisse,
274 3425 413 3490 indicavi
434 3424 543 3489 fnisse.
584 3422 723 3488 Dicebat
746 3421 832 3484 enim
854 3420 968 3486 Gallus
992 3423 1103 3507 sphae-
1152 3427 1154 3431 '

95 3535 152 3578 rae
175 3514 264 3578 illins
288 3513 422 3578 alterins
446 3512 568 3577 solidae
592 3514 689 3594 atque
711 3509 827 3594 plenae
849 3514 941 3574 vetus
964 3532 1034 3575 esse
1055 3512 1102 3574 in-

95 3605 241 3686 ventum,
268 3605 301 3666 et
329 3624 400 3665 eam
428 3624 448 3665 a
470 3599 606 3665 Thalete
629 3598 758 3663 Milesio
780 3597 921 3681 primum
944 3620 1014 3662 esse
1036 3602 1102 3663 tor·
