2675 4209
244 269 308 335 278
598 269 647 323 DE
666 269 715 324 RE
732 268 888 326 PUBLIcA

244 435 317 478 cum
344 413 440 477 simul
468 434 611 479 essemus
634 414 811 499 compluris
834 414 914 497 dies,
941 414 1101 499 exposita,
1127 414 1163 479 in
1185 436 1252 497 qua

243 500 327 565 nihil
356 501 437 584 fero,
468 502 554 585 quod
585 523 705 587 magno
738 523 834 587 opere
865 501 908 566 ad
934 502 1077 567 rationes
1104 502 1251 567 omnium

243 611 352 653 rerum
374 588 560 697 pertineret,
582 594 627 654 est
647 589 921 674 praetermissum.

36 746 61 823 Ι
204 708 225 773 9
309 729 395 795 Nam
409 751 482 794 cum
495 671 713 804 13.le
726 728 788 812 hio,
801 727 896 793 Pauli
908 730 1004 814 filius,
1018 730 1108 795 feriis
1122 729 1249 795 Latinis

120 844 181 923 μς.
222 818 404 888 ,Tuditano
428 838 514 882 cons.
537 820 570 881 et
593 816 624 881 A
646 817 726 881 uilio
749 816 972 881 constituisset
993 817 1028 882 in
1045 818 1155 904 ¹hortis
1179 840 1250 883 esse
1279 836 1293 877 a

58 875 117 936 μ’
243 906 552 988 fam11ar1ss1m1que
576 926 643 969 eius
668 904 709 968 ad
732 926 805 968 eum
824 903 1009 989 frequenter
1027 927 1086 990 per
1104 927 1159 971 eos
1181 905 1249 970 dies
1314 916 1323 1036 q

244 1022 272 1073 p.
282 995 347 1075 273]
361 994 578 1058 ventitaturos
593 1014 627 1055 se
642 1013 712 1056 esse
727 991 883 1055 dixissent
901 990 949 1079 lL
971 993 995 1055 t'
1023 993 1048 1057 's
1062 993 1142 1078 ipsis
1155 1015 1251 1057 mane

245 1082 286 1145 ad
299 1102 372 1145 eum
385 1081 510 1165 primus
523 1080 644 1145 sororis
657 1080 745 1143 filius
758 1080 848 1144 venit
861 1016 1053 1164 (iffi
1067 1103 1163 1165 quem
1177 1104 1251 1146 cum
1321 1107 1322 1165 ς

34 1158 197 1291 ‘ljffl
244 1168 380 1234 comiter
398 1166 505 1252 Scipio
529 1168 760 1253 appellavisset
778 1167 981 1252 libenterque
999 1169 1142 1252 vidisset,
1166 1168 1251 1244 Quid

189 1220 212 1327 d
244 1262 289 1339 tu,
307 1256 422 1339 inquit,
439 1259 509 1319 tam
528 1277 630 1339 mane,
648 1254 799 1320 Tubero?
823 1255 945 1320 dabant
963 1256 1049 1319 enim
1069 1257 1130 1321 hae
1148 1256 1251 1321 feriae
1265 1276 1293 1314 10

242 1344 305 1408 tibi
332 1349 526 1429 oportunam
555 1365 632 1407 sane
659 1332 848 1408 {coufitatem
876 1344 918 1407 ad
945 1344 1151 1427 explicandas
1175 1349 1250 1409 tuas

242 1433 379 1497 litteras.
424 1431 508 1496 Tum
536 1431 606 1495 ille:
636 1430 718 1495 Mihi
747 1452 823 1495 vero
852 1452 946 1495 omne
973 1435 1102 1515 tempus
1131 1436 1182 1496 est
1209 1434 1252 1497 ad

243 1542 332 1585 meos
359 1520 462 1584 libros
489 1541 640 1603 vacuum3
667 1541 844 1603 numquam
872 1519 958 1583 enim
985 1523 1061 1583 sunt
1086 1520 1137 1584 illi
1160 1542 1251 1585 occu·
1315 1515 1319 1523 “

242 1609 325 1694 pati3
352 1612 385 1672 te
409 1613 518 1672 autem
540 1628 755 1691 permagnum
777 1611 827 1670 est
849 1607 991 1672 nancisci
1014 1608 1165 1691 otiosum,
1186 1608 1251 1673 hoo
1322 1621 1323 1662 l

242 1725 270 1776 p.
288 1698 353 1775 2⁷4]
381 1696 573 1778 praesertim
601 1698 693 1758 motu
717 1693 721 1777 Ι
745 1693 793 1757 rei
819 1693 976 1777 publicae.
1018 1695 1101 1759 Tum
1129 1693 1251 1780 Scipio:
1266 1713 1293 1752 1⁵

243 1783 345 1866 Atqui
363 1785 477 1847 nactus
497 1802 540 1865 es,
559 1782 615 1845 sed
633 1780 815 1846 mehercule
834 1780 1021 1847 otiosiorem
1038 1805 1137 1868 opera
1150 1805 1250 1867 quam
1322 1783 1323 1872 l

244 1871 360 1935 animo.
392 1868 437 1934 Et
454 1869 523 1934 ille:
547 1869 593 1933 At
611 1890 688 1934 vero
708 1868 851 1932 animum
870 1890 997 1953 quoque
1016 1871 1175 1935 relaxeso
1201 1893 1250 1935 or-

243 1963 305 2045 tet3
329 1979 439 2021 sumus
458 1957 543 2021 enirn
562 1956 667 2040 multi,
689 1960 727 2020 ut
744 1956 981 2042 constituimus,
1003 1895 1249 2111 par‘ati—sst
1322 1991 1323 1994 ¹

243 2045 411 2112 commodo
434 2045 504 2109 fieri
526 2047 648 2129 potest,
676 2044 768 2109 abuti
790 2048 898 2109 tecum
920 2046 982 2110 hoo
1005 2046 1082 2111 otio.
1118 2044 1176 2111 SC.
1205 2047 1250 2126 ‚i-
1314 2051 1324 2106 t

243 2135 546 2221 bQQ
582 2135 619 2197 ut
651 2132 774 2217 aliquid
807 2133 980 2216 aliquando
1013 2133 1051 2197 de
1084 2133 1250 2199 doctrinae
1265 2151 1292 2190 20

245 2220 360 2287 studiis
385 2222 624 2286 admoneamur.
641 2231 669 2271 ν

192 2318 235 2444 ἐξ)
310 2343 393 2408 Tum
419 2344 488 2408 ille:
514 2342 615 2407 Visne
641 2344 757 2429 igitur,
788 2343 940 2427 quoniam
969 2347 1002 2407 et
1028 2365 1080 2409 me
1108 2344 1249 2429 quodam

244 2433 339 2497 modo
356 2433 476 2497 invitas
495 2435 528 2495 et
546 2432 595 2495 tui
614 2454 705 2516 spem
723 2432 790 2515 das,
811 2432 874 2495 hoc
891 2430 1042 2516 primum,
1066 2430 1248 2519 Africana}
1314 2440 1318 2447 '

243 2549 271 2601 p.
290 2523 337 2601 er]
361 2520 536 2603 videamus,
559 2522 634 2584 ante
679 2542 754 2583 uam
777 2518 911 2584 veniunt
934 2519 999 2603 alii,
1023 2520 1176 2603 quidnam
1195 2521 1249 2603 sit,

244 2609 282 2673 de
313 2608 378 2672 isto
410 2607 513 2672 altero
546 2542 733 2690 sole‘qiirffl
758 2607 945 2671 nuntiatum
972 2611 1022 2692 est
1048 2607 1084 2672 in
1112 2609 1249 2672 senatu?
1265 2627 1292 2667 aa

243 2717 347 2778 neque
370 2694 456 2758 enim
477 2694 573 2779 pauci
594 2717 698 2778 neque
721 2695 808 2758 leves
832 2697 917 2779 sunt,
962 2694 996 2759 ui
1018 2716 1053 2759 se
1076 2695 1139 2761 duo
1214 2718 1249 2760 es

243 2781 513 2933 Q
539 2784 667 2847 utnon
694 2785 763 2846 tam
790 2782 869 2846 fides
891 2804 957 2847 non
1004 2782 1128 2848 aenda
1151 2805 1250 2867 quam

19 2858 169 2980 μήθ
204 2897 209 2904 ·
243 2870 328 2934 ratio
353 2892 492 2953 quaeren
514 2892 534 2935 a
557 2869 608 2934 sit.
643 2868 707 2934 Hic
726 2867 846 2953 Scipio:
870 2868 973 2945 Quam
992 2871 1110 2936 vellem
1128 2870 1257 2953 Panae:

44 2968 231 3064 tauma,
245 2958 326 3035 jum
353 2961 502 3022 nostrum
527 2957 696 3023 nobiscum
723 2956 929 3022 haberemus!
959 2958 1109 3043 quicum
1133 2963 1249 3043 cetera,

30 3078 74 3127 q.
117 3055 203 3127 m
242 3050 314 3135 Q
343 3046 422 3110 haec
451 3046 604 3110 caelestia
630 3046 683 3109 vel
711 3045 947 3111 studiosissime
974 3026 1248 3131 soleffiraerere.
1264 3064 1292 3104 ³0

32 3140 47 3205 d
132 3145 138 3154 '
186 3136 270 3214 imp.
290 3136 337 3215 33]
367 3132 428 3197 Sed
455 3154 529 3219 ego,
556 3132 698 3217 Tubero,
730 3131 820 3220 (narn
846 3138 955 3200 tecum
978 3136 984 3217 Ι
1008 3139 1133 3220 aperte,
1163 3135 1249 3220 quod

40 3221 362 3357 Qffiffiffi
388 3219 518 3307 loquar)
534 3220 611 3286 ¹non
632 3221 730 3286 nimis
753 3221 918 3287 adsentior
939 3222 974 3286 in
997 3223 1085 3287 omni
1107 3223 1171 3288 isto
1195 3244 1249 3309 ge

219 3330 319 3374 ‘nere
349 3313 462 3374 nostro
494 3309 546 3374 illi
573 3308 742 3393 familiari,
775 3310 843 3393 qui,
875 3331 957 3393 quae
984 3309 1038 3373 vix
1065 3310 1249 3375 coniectura

244 3396 354 3480 qualia
376 3397 442 3461 sint
461 3418 633 3481 possumus
653 3396 819 3482 suspicari,
843 3396 890 3461 sic
908 3396 1068 3481 adfirmat,
1090 3401 1128 3462 ut
1146 3399 1248 3464 oculis

244 3505 283 3547 ea
312 3505 440 3547 cernere
469 3485 617 3549 videatur
646 3487 703 3548 aut
731 3486 872 3548 tractare
901 3484 998 3569 plane
1025 3507 1132 3550 manu.
1177 3484 1247 3560 Quo
1264 3504 1291 3545 ss

243 3571 343 3635 etiam
357 3571 585 3655 sapientiorem
600 3569 767 3637 Socratem
781 3572 870 3637 soleo
884 3572 1034 3658 iudicare,
1049 3573 1105 3657 qui
1118 3594 1246 3639 omnem
