2675 4209
312 308 380 363 LIB.
400 308 448 363 ΠΙ.
468 310 543 365 CAP.
563 316 678 366 21-24.
696 316 711 377 ὅ
730 317 844 367 32—36.
1032 315 1098 379 345

11 482 12 487 ’
73 476 148 519 esse
184 453 321 537 civitas,
349 457 387 517 ut
417 458 549 518 aeterna
576 454 628 519 sit.
674 454 789 537 Itaque
814 456 924 521 nullus
946 457 1097 522 interitus

11 602 12 609 ,
73 547 124 606 est
158 542 217 606 rei
247 541 397 625 publicae
424 543 587 606 naturalis
612 546 650 606 ut
676 543 831 626 hominis,
860 545 895 607 in
922 565 986 628 qua
1008 568 1097 610 mars

11 704 12 707 Ἴ
70 652 143 694 non
175 630 279 693 modo
307 630 490 693 necessaria
514 634 577 713 est,
606 652 718 694 verum
742 632 842 696 etiam
865 633 1008 715 optanda
1029 656 1098 717 per·

72 740 192 803 saepe.
241 716 366 781 Civitas
391 721 499 781 autem
522 740 594 782 oum
617 719 761 802 tollitur,
783 719 918 803 deletur,
941 720 1099 807 extingui·

34 821 45 860 ⁵
70 810 146 889 tur,
180 805 292 869 simila
314 809 365 869 est
388 806 528 889 quodam
551 806 661 889 modo,
690 810 728 870 nt
749 829 852 890 parva
874 808 1003 892 magnis
1025 830 1099 873 aan-

11 904 13 959 i
68 894 242 975 feramus,
266 916 303 957 aa
327 894 356 957 si
378 893 483 957 amnis
504 892 557 957 hio
576 895 715 958 mundns
732 895 873 960 intereat
891 899 925 962 et
942 897 1097 962 concidat.

11 964 17 1037 i
71 980 301 1064 (Auyustiuus
323 983 360 1046 de
381 983 435 1045 aia.
457 982 507 1045 dei
528 981 643 1045 XXII
661 984 706 1066 6.)

11 1142 12 1145 Ἴ
148 1070 309 1150 Quattuor
330 1074 433 1133 autem
455 1074 659 1151 matamoro
681 1071 836 1150 bodonem
858 1074 896 1139 id
912 1079 957 1139 est
972 1076 1098 1153 iustum,
1116 1089 1149 1138 aa

11 1188 12 1227 3
70 1158 249 1236 iniustum,
272 1158 358 1221 amite
380 1162 409 1221 at
427 1157 499 1238 pus
520 1178 615 1237 quam
637 1160 732 1224 ciuile.
772 1160 897 1225 Iustum
914 1162 1025 1227 beilum
1046 1169 1098 1241 est,

11 1318 12 1321 Ἴ
33 1262 57 1302 1⁰
70 1248 168 1327 quad
191 1266 229 1310 aaa
245 1246 405 1327 praedicta
423 1246 575 1327 iaaeritur
592 1248 628 1309 da
644 1247 735 1311 rebus
750 1250 885 1329 repetitis
902 1255 959 1313 aut
969 1252 1098 1332 preput-

11 1374 12 1415 3
70 1336 259 1399 samdarum
280 1333 413 1397 bostium
435 1353 537 1399 causa.
574 1334 735 1398 laiustum
756 1335 867 1399 betium
888 1342 940 1413 est,
961 1339 1043 1417 quod
1063 1340 1100 1402 de

11 1418 12 1421 ’
70 1424 202 1501 ferrara
224 1442 288 1485 aori
309 1422 345 1485 de
357 1420 504 1503 'baitima
525 1423 646 1485 ratione
666 1424 785 1497 irritum
808 1424 844 1485 de
866 1443 925 1502 quo
942 1425 978 1487 iu
995 1445 1028 1487 re
1039 1447 1099 1505 pu-

72 1512 168 1575 blica
192 1508 295 1575 Cicera
323 1510 418 1573 dimit:
445 1508 509 1575 Illa
536 1509 656 1571 iniusta
683 1509 772 1572 bella
799 1512 887 1592 sunt,
917 1516 1099 1592 quaesunt

11 1596 12 1603 '
75 1599 158 1662 sine
186 1618 285 1662 cansa
313 1601 471 1681 suscepta.
517 1594 604 1659 Nam
632 1599 724 1659 extra
749 1595 924 1659 ulciscendi
946 1602 1003 1661 aut
1025 1620 1098 1682 pra

35 1702 60 1741 1⁵
75 1686 323 1771 pulsandorum
359 1685 504 1749 hostium
540 1704 671 1748 oausam
707 1684 831 1747 bellum
868 1684 938 1770 geri
974 1686 1097 1749 iustum

11 1804 12 1837 ;
75 1776 216 1838 nullum
239 1776 357 1857 potest.
402 1773 448 1837 Et
476 1772 530 1836 baa
557 1773 638 1836 idem
663 1772 786 1836 Tullius
803 1774 914 1853 parms
935 1774 1099 1840 interiectis

11 1888 12 1891 ¹
77 1862 239 1927 subdidit:
266 1858 404 1924 Nullum
431 1860 554 1923 bellum
581 1860 704 1923 iustum
731 1859 871 1925 habetur
892 1861 957 1927 nisi
982 1864 1098 1927 denun-

11 1990 13 2017 t
78 1951 222 2029 tiatum,
249 1949 318 2033 nisi
340 1948 511 2030 indictum,
537 1947 602 2011 nisi
629 1949 778 2032 repetitis
800 1950 906 2013 rebus.
941 1950 1099 2031 (Isidorus

79 2041 165 2121 aria.
188 2035 322 2101 XVIII
340 2041 367 2099 1.
390 2039 414 2100 2
436 2036 496 2117 sq.)

39 2140 66 2181 20
155 2124 204 2189 M.
230 2124 354 2188 Tattius
375 2124 411 2187 de
432 2143 466 2185 re
483 2122 568 2203 pubi.
591 2124 641 2188 tib.
664 2123 744 2189 III:
766 2122 889 2189 Noster
912 2128 1021 2189 autem
1043 2148 1098 2209 pa

81 2214 186 2299 pulus
215 2212 311 2276 sociis
340 2209 545 2274 defendendis
573 2212 826 2277 terrarum-iam
848 2214 993 2277 amnium
1015 2216 1098 2297 poti-

81 2307 141 2366 tus
168 2303 226 2364 est.
263 2298 550 2380 (Noniusp.498.
573 2300 638 2381 13.)

156 2388 347 2469 Disputatur
368 2392 444 2451 oerte
465 2387 612 2450 acerrime
633 2391 724 2467 atque
743 2387 912 2465 fortissime
932 2388 968 2450 iu
987 2388 1098 2451 eisdem
1108 2366 1151 2492 234

83 2479 167 2561 ipsis
189 2478 225 2540 de
247 2496 279 2539 re
297 2475 422 2555 mibtioa
445 2474 533 2538 tibris
555 2474 700 2539 adversus
722 2475 911 2538 iniustitiam
929 2493 988 2553 pra
1009 2475 1097 2538 iusti·
1134 2445 1149 2495 ⁶

43 2581 70 2623 25
84 2569 144 2631 tia.
176 2564 222 2628 Et
237 2564 392 2643 quautam,
415 2582 484 2626 aum
499 2562 590 2642 prius
607 2566 747 2642 aaeretur
758 2580 820 2643 pra
836 2562 1010 2625 iniustitiae
1021 2582 1098 2641 por-

84 2656 171 2720 tibus
201 2656 308 2715 aautra
334 2650 487 2715 iustitiam
513 2654 542 2713 et
567 2649 717 2713 diceretur
742 2650 807 2713 uisi
827 2669 886 2729 per
911 2649 1100 2715 iniustitiam

84 2762 155 2808 rem
176 2739 332 2821 publicam
361 2742 442 2801 stare
465 2737 589 2819 aerique
615 2756 679 2799 aaa
700 2756 803 2817 posse,
829 2736 884 2802 baa
908 2738 1002 2803 aetati
1022 2739 1099 2803 rati·

84 2829 253 2896 dissimum
270 2826 408 2908 positum
429 2828 504 2901 erat,
527 2824 679 2887 iniustum
700 2844 772 2907 esse,
794 2829 830 2887 at
851 2825 987 2890 bomiues
1004 2826 1100 2891 bami-

86 2918 182 2983 atauo
213 2913 444 2979 dominantibus
471 2912 621 2989 sartam
654 2932 749 2993 quam
778 2917 880 2977 tameo
911 2916 1101 2978 iniustitiam

47 3022 73 3063 oo
87 3005 155 3070 uisi
177 3007 321 3083 sequatur
342 3001 507 3082 imperiosa
529 3000 645 3077 ciuitas,
668 3002 756 3065 ouius
777 3004 823 3063 est
842 3020 957 3082 maana
979 3021 1028 3064 res
1039 3023 1099 3082 mu

88 3094 179 3169 btioa,
201 3110 265 3155 aaa
287 3109 355 3153 eam
370 3106 462 3169 passe
478 3088 649 3165 proviaciis
671 3088 839 3167 imperare:
861 3107 1040 3167 respersum
1058 3093 1102 3151 est

89 3202 111 3245 o
124 3184 216 3261 parte
234 3178 371 3241 iustitiae
387 3175 454 3238 ideo
472 3174 588 3235 iustum
606 3192 675 3248 esse,
698 3174 780 3253 quod
797 3173 911 3236 tatibus
927 3174 1101 3239 bomimbus

90 3270 134 3333 sit
154 3266 243 3331 utitis
264 3265 403 3340 semitas,
425 3264 455 3325 et
468 3278 530 3339 pra
552 3258 687 3322 utititate
707 3279 813 3323 earum
833 3260 911 3340 fieri,
934 3279 1003 3323 aum
1025 3266 1101 3325 reate

91 3357 136 3439 fit,
158 3355 193 3419 id
214 3356 260 3417 ost
280 3371 350 3416 oum
371 3346 518 3429 improbis
541 3345 683 3425 aufertur
705 3346 897 3410 iniuriarum
920 3347 1051 3429 tiamtia,
1073 3354 1103 3413 et

52 3462 78 3503 aa
92 3442 200 3509 domiti
222 3440 332 3505 oratius
353 3458 384 3502 se
405 3434 562 3513 babebimt,
585 3434 659 3514 quia
681 3434 825 3496 iudamiti
847 3435 978 3499 deterius
999 3455 1030 3500 se
1047 3436 1101 3499 ba-

93 3532 231 3606 buerunt,
253 3526 466 3603 subditumque
487 3527 538 3599 est,
560 3526 597 3587 ut
617 3522 679 3584 ista
700 3520 783 3583 ratio
799 3521 987 3601 firmaretur,
1009 3524 1102 3589 aetati

93 3640 114 3683 a
140 3621 259 3683 matura
284 3616 440 3695 sumptum
466 3610 564 3677 uobite
590 3609 760 3691 exemptum
785 3614 876 3691 atque
901 3611 1016 3676 dietum
1041 3617 1101 3677 est:
