2675 4209
256 271 322 335 306
612 271 662 325 ΒΕ
681 271 729 326 ΒΕ
746 270 903 326 PUBLICA

256 407 420 481 disputandi
443 411 519 467 viam
540 411 651 482 ingredi
673 411 819 482 profitetur
837 415 909 481 (cap.
928 414 981 481 30).
1017 411 1090 466 Hinc
1112 412 1269 482 proposito

255 480 285 535 P.
300 482 407 536 Valerii
419 482 580 537 Publicolae
599 483 736 553 exemplo,
753 482 838 551 paulo
856 483 923 553 post
938 499 1019 551 reges
1033 484 1146 536 exactos
1160 485 1269 550 quater

256 552 388 619 consulis,
407 555 512 621 quanta
528 554 618 623 primo
636 555 763 621 tempore
781 554 949 619 senatorum,
968 553 1121 618 consulum,
1140 553 1269 608 dictato-

256 640 318 677 rum
340 623 492 677 auctoritas
515 626 545 678 et
562 640 645 692 quam
663 622 774 677 modica
790 623 890 692 populi
907 622 1023 677 libertas
1041 622 1138 692 fuerit,
1160 626 1267 693 paucis

257 693 396 762 significat
419 696 491 763 (cap.
510 701 553 759 31,
572 698 625 762 32).
662 695 729 747 Mox
750 694 863 762 plebem
884 709 948 747 aere
971 693 1064 747 alieno
1084 710 1213 763 pressam
1234 696 1267 748 et

256 779 274 817 a
290 765 417 834 patribus
435 766 565 818 vexatam
582 764 674 833 prima
690 763 722 815 in
738 765 863 818 montem
880 780 990 817 sacrum
1009 764 1164 818 secessione
1183 764 1267 818 facta

255 834 388 888 Postumo
408 833 533 889 Cominio
553 834 599 903 Sp.
620 833 715 888 Cassio
733 850 803 888 coss.
823 835 858 902 (a
877 850 903 887 u.
923 850 946 889 c.
961 837 1024 903 261)
1042 834 1106 904 plus
1124 833 1193 887 iuris
1212 835 1267 888 ad-

256 905 351 973 eptam
370 920 429 958 esse
449 904 604 958 constituta
620 904 761 974 potestate
778 902 930 957 tribunicia
947 907 1019 973 (cap.
1038 912 1072 959 33
1090 906 1152 972 sq),
1170 922 1266 974 popu-

255 974 316 1027 lum
333 976 428 1027 autem
440 976 519 1028 tanto
534 973 653 1027 tuendae
667 973 807 1027 libertatis
821 973 914 1027 studio
928 974 1068 1043 flagrasse,
1087 976 1119 1029 ut
1133 975 1179 1043 Sp.
1196 974 1264 1029 Cas-

257 1043 330 1096 sium
347 1061 464 1112 regnum
481 1046 661 1114 appetentem
678 1043 740 1113 ipse
757 1045 840 1112 pater
856 1043 993 1098 occiderit
1008 1048 1045 1113 (a.
1064 1062 1090 1100 u
1110 1061 1133 1102 c.
1148 1048 1212 1114 300)
1233 1047 1266 1099 et

256 1114 353 1183 plebes
371 1114 522 1184 potestatis
540 1112 734 1169 decemviralis
752 1113 870 1168 libidine
889 1115 1054 1169 exacerbata
1067 1114 1169 1169 iterum
1182 1118 1218 1185 (a.
1234 1133 1264 1173 u.

257 1200 280 1238 c.
300 1188 363 1255 304)
380 1184 411 1237 in
427 1186 551 1239 montem
570 1202 678 1239 sacrum
696 1184 843 1238 secesserit
859 1186 930 1254 (cap.
949 1188 1074 1255 35-37).
1105 1187 1165 1239 Iam
1183 1202 1265 1239 enar-

256 1256 319 1308 rata
340 1272 432 1309 rerum
455 1255 643 1309 Romanarum
664 1254 783 1326 historia
801 1254 896 1323 Scipio
914 1255 1053 1309 Tuberoni
1076 1254 1208 1325 urguenti
1232 1273 1265 1311 se

256 1325 292 1449 {le
316 1326 581 1466 conservandae)rei
598 1325 728 1396 publicae
745 1324 900 1379 rationibus
919 1324 1125 1395 disputaturum
1143 1327 1265 1397 pollice-

270 1413 303 1449 ur
321 1399 391 1467 (cap.
410 1403 444 1452 38
463 1414 541 1465 sqq..

652 1523 864 1533 *-

219 1615 283 1740 {p
304 1648 369 1726 275]
437 1644 515 1711 Oum
537 1665 639 1710 mones
656 1646 827 1727 floprarmt
843 1643 1016 1725 cupiditate
1033 1644 1192 1729 audiendi,
1214 1644 1265 1709 in·

257 1754 389 1818 gressus
417 1735 467 1797 est
494 1732 540 1797 sic
567 1732 658 1815 loqui
685 1730 805 1816 Scipio:
838 1729 972 1796 Catonis
998 1731 1061 1796 hoc
1088 1733 1173 1796 senis
1201 1737 1264 1818 est,

235 1842 366 1907 quem,
388 1823 426 1883 ut
449 1819 548 1903 scitiS,
570 1820 662 1884 unice
686 1819 783 1883 dilexi
805 1819 1006 1902 maximeque
1029 1840 1101 1883 sum
1124 1821 1264 1885 admira-

256 1912 310 1973 tus
334 1907 447 1992 cuique
469 1908 523 1971 vel
544 1907 648 1992 patris
670 1907 839 1991 utriusque
860 1907 977 1972 iudicio
1000 1908 1169 1972 ueletiam
1188 1931 1263 1973 meo

258 1995 364 2061 studio
396 2016 448 2059 me
479 1998 586 2059 totum
618 1994 658 2059 ab
691 1994 910 2060 adulescentia
939 1994 1057 2077 dedid13
1089 1995 1178 2059 ouius
1208 2013 1295 2061 mes

256 2106 434 2167 numquam
453 2082 572 2147 satiare
590 2082 698 2167 potuit
717 2084 835 2169 oratio,
858 2086 969 2147 tantus
989 2086 1060 2146 erat
1077 2083 1112 2147 in
1129 2083 1264 2149 homine

257 2192 334 2236 usus
357 2172 404 2235 rei
428 2170 585 2255 publicae,
609 2192 707 2255 quam
730 2175 763 2235 et
786 2171 873 2235 domi
896 2173 929 2235 et
952 2170 1087 2234 militiae
1110 2193 1183 2235 oum
1206 2194 1264 2255 op-

256 2288 285 2339 p.
304 2262 369 2340 276]
393 2259 484 2344 time,
511 2262 582 2323 tum
606 2258 705 2323 etiam
725 2256 729 2343 Ι
750 2258 930 2324 diutissime
954 2262 1112 2343 gesserat,
1139 2262 1174 2323 et
1195 2282 1265 2323 mo

258 2348 316 2412 dus
339 2347 375 2411 in
397 2346 529 2412 dicendo
553 2351 586 2411 et
609 2347 771 2432 gravitate
793 2347 913 2410 mixtus
936 2346 1027 2430 lepos
1049 2350 1082 2410 et
1100 2368 1265 2411 summum

257 2438 310 2501 vel
338 2435 479 2501 discendi
501 2436 644 2500 studium
667 2436 719 2500 vel
742 2435 876 2499 docendi
899 2437 932 2497 et
955 2433 1095 2498 orationi
1116 2435 1186 2499 vita
1208 2436 1265 2500 ad-
1281 2452 1308 2492 rc

223 2526 389 2589 amodum
412 2546 601 2610 congruens.
635 2522 668 2587 Is
694 2523 797 2587 dicere
820 2523 946 2586 solebat
969 2523 1011 2585 ob
1029 2521 1114 2586 hanc
1131 2543 1266 2589 causam

258 2616 425 2697 praestare
451 2616 582 2676 nostroe
610 2611 753 2675 civitatis
781 2614 905 2674 statum
928 2609 1043 2674 ueteris
1065 2610 1266 2696 civitatibus,

259 2702 345 2783 quod
371 2700 406 2763 in
431 2699 499 2763 illis
522 2698 643 2784 singuli
664 2698 803 2762 fuissent
824 2698 906 2780 fere,
934 2697 990 2780 qui
1012 2719 1103 2761 snam
1127 2698 1266 2781 quisque

258 2809 328 2851 rem
354 2786 518 2870 publicam
541 2786 786 2851 constituissent
807 2786 935 2870 legibus
959 2788 1057 2869 atque
1079 2784 1263 2873 institutis!

258 2902 286 2955 p.
305 2877 370 2955 277]
395 2874 473 2957 suis,
496 2879 533 2938 ut
556 2872 688 2939 Oretum
710 2874 831 2956 Minos,
853 2871 1181 2938 Lacedaemoniorum
1201 2873 1264 2957 Ly·
1280 2889 1305 2929 1⁵

258 2984 386 3048 curgus,
405 2961 660 3044 Atheniensium,
679 2983 761 3045 quae
779 2982 934 3045 persaepe
951 2964 1151 3026 commutata
1169 2966 1264 3046 esset,

258 3054 330 3115 tum
353 3050 508 3133 Theseus,
536 3054 605 3114 tum
628 3048 749 3133 Draus,
771 3052 842 3113 tum
865 3046 955 3133 Solo,
977 3052 1048 3112 tum
1071 3048 1263 3133 Clisthenes,

258 3143 329 3204 tum
352 3138 448 3203 multi
470 3138 536 3222 alii,
558 3141 724 3223 postremo
749 3158 944 3222 exsanguem
966 3136 1032 3201 iam
1055 3140 1088 3200 et
1105 3136 1262 3202 iacentem

160 3302 162 3305 Α
259 3228 372 3293 doctus
399 3226 450 3292 vir
476 3226 651 3291 Phalereus
680 3228 895 3291 sustentasset
922 3223 1121 3308 Demetrius,
1149 3229 1264 3289 nostra

260 3319 368 3381 autem
395 3338 447 3380 res
469 3315 600 3400 publica
621 3337 688 3379 non
709 3314 805 3379 unius
828 3316 914 3377 esset
934 3311 1079 3396 ingenie,
1106 3312 1163 3375 sed
1184 3313 1263 3377 mul·
1276 3325 1301 3366 2⁰

259 3406 381 3487 torum,
407 3425 467 3467 nec
493 3425 558 3467 una
580 3402 722 3467 hominis
749 3400 831 3484 vita,
859 3400 915 3463 sed
938 3400 1065 3483 aliquot
1087 3400 1263 3464 constituta

259 3517 287 3569 p.
307 3494 370 3571 278]
399 3490 535 3555 saeculis
563 3494 596 3555 et
619 3488 790 3555 aetatibus.
835 3486 921 3551 Nam
941 3486 946 3569 Ι
964 3508 1069 3570 neque
1091 3487 1195 3552 ullum
1216 3489 1262 3552 in·

261 3578 391 3664 genium
414 3581 543 3643 tantum
566 3578 712 3642 extitisse
735 3576 876 3660 dicebat,
903 3578 953 3661 ut,
979 3597 1076 3661 quem
1098 3596 1151 3640 res
1173 3576 1262 3640 nulla
