2675 4209
367 301 434 355 tm.
453 302 474 355 1.
494 302 569 356 cAP.
590 309 704 358 14—17.
723 309 738 369 ς
756 309 870 357 22-26.
1053 300 1119 365 283

92 468 168 511 rens
189 468 211 511 a
231 466 385 531 persona
402 445 542 510 hominis
562 444 762 531 gravissimi,
783 467 853 510 rem
867 446 953 509 enim
966 465 1120 530 magnam

92 535 277 599 adsecutus
304 533 469 618 estquod
490 533 677 597 hominibus
723 533 900 598 erturbatis
922 533 1052 597 inanem
1073 554 1121 596 re-

90 622 261 707 ligionem
286 620 507 705 timoremque
531 617 699 699 deice-erat.
1133 667 1174 731 16

159 710 284 793 Atque
306 709 377 773 eius
396 709 484 773 modi
503 709 655 793 quiddam
674 709 773 773 etiam
791 709 879 773 bello
898 709 957 773 illo
971 707 1121 790 maximo,
1139 744 1173 793 25

63 798 182 881 ⁵quod
212 796 444 861 Athenienses
477 800 510 861 et
536 796 782 861 Lacedaemonii
813 819 941 861 summa
958 796 1122 881 'intense

89 886 321 950 contentione
345 889 527 973 gth,
554 883 695 949 Pericles
717 886 788 967 ille,
816 888 850 948 et
873 885 1067 949 auctoritate
1090 887 1123 948 et

90 973 300 1057 eloquentia
324 976 357 1037 et
379 973 514 1037 consilio
537 974 687 1058 princeps
706 973 849 1037 civitatis
868 995 954 1057 suae,
976 994 1049 1037 oum
1068 971 1123 1047 ob-

90 1040 235 1126 scureto
270 1058 276 1145 Ι
310 1038 378 1125 εὸἲθ
410 1061 563 1125 tenebrae
592 1060 699 1125 factae
728 1064 837 1126 essent
862 1065 996 1147 repente
1028 1062 1068 1141 [p.
1088 1076 1121 1124 ‘12

90 1148 429 1233 Atheniensiumque
452 1149 578 1213 animos
601 1170 747 1213 summus
768 1149 869 1214 timor
891 1149 1122 1234 occupavisset,

51 1236 255 1301 edocuisse
288 1236 368 1301 civis
397 1257 471 1301 suos
500 1236 630 1321 dicitur,
658 1237 693 1301 id
720 1237 806 1321 quod
831 1238 902 1321 ipse
931 1237 973 1301 ab
995 1235 1122 1299 Anaxa-

92 1345 190 1409 gora,
216 1324 318 1389 cuius
341 1324 470 1388 auditor
491 1323 607 1408 fuerat,
630 1329 807 1410 acceperat,
834 1329 922 1389 certo
945 1324 1027 1387 illud
1043 1326 1121 1386 tem-

92 1433 179 1495 pore
204 1412 287 1490 fieri
310 1416 343 1476 et
365 1411 556 1495 necessario,
578 1435 651 1477 cum
674 1416 747 1476 tota
771 1434 805 1475 se
828 1413 906 1475 luna
928 1410 988 1474 sub
1011 1410 1123 1474 orbem

94 1499 180 1563 solis
208 1499 421 1583 subiecisset,
443 1500 562 1583 itaque,
585 1500 648 1564 etsi
669 1521 737 1563 non
754 1499 843 1563 omni
861 1499 1122 1580 intermenstruo,

94 1589 218 1651 tamen
241 1588 281 1651 id
298 1587 370 1651 fieri
387 1609 453 1651 non
470 1609 565 1671 posse
582 1587 647 1667 nisi
665 1590 754 1651 certo
772 1586 1025 1651 intermenstruo
1044 1588 1123 1649 tem-

55 1689 81 1729 15
96 1696 192 1758 pore.
234 1674 645 1759 Qffldisputando
668 1671 922 1761 ratiolnibusque
941 1674 995 1739 do
1016 1674 1056 1754 [p.
1071 1688 1122 1738 279

98 1762 239 1848 cuisset,
264 1763 422 1848 populum
444 1763 596 1828 liberavit
619 1767 722 1847 metu3
748 1767 820 1827 erat
842 1762 929 1827 enim
950 1766 1021 1826 tum
1043 1761 1123 1826 haec

97 1871 192 1915 nova
217 1855 256 1915 et
278 1851 393 1936 ignota
414 1851 509 1933 ratio,
533 1852 635 1915 solem
657 1852 754 1916 lunae
778 1851 931 1936 oppositu
950 1852 1054 1914 solere
1073 1850 1124 1914 de-

98 1938 213 2023 ficere,
234 1938 324 2023 quod
342 1938 512 2003 Thaletem
525 1938 689 2003 Milesium
706 1939 848 2024 primum
866 1938 985 2004 vidisse
1004 1938 1122 2001 dicunt.

100 2023 143 2089 Id
175 2031 292 2091 autem
321 2031 436 2110 postea
465 2048 505 2091 ne
526 2030 677 2091 nostrum
704 2027 833 2111 quidem
855 2025 962 2089 Enniu
1023 2024 1123 2125 fuffij

62 2127 89 2167 ²0
104 2114 165 2196 qui
189 2119 232 2179 ut
257 2115 385 2198 scribit,
409 2136 492 2178 anno
515 2116 743 2195 trecentesimo
767 2114 950 2202 quinqguae
967 2113 1033 2177 imo
1055 2112 1123 2177 fere

106 2206 189 2285 post
213 2203 356 2268 Romam
379 2203 541 2267 conditam

201 2290 327 2356 Nonis
350 2289 457 2355 Iunis
481 2291 561 2366 soli
580 2292 672 2355 luna
694 2290 917 2374 oli-stititet
939 2311 1022 2353 nox.

107 2375 224 2462 Atque
234 2379 297 2443 hac
306 2378 341 2442 in
349 2400 384 2442 re
393 2381 488 2442 tanta
496 2379 581 2443 inest
590 2379 675 2443 ratio
686 2382 783 2461 atque
794 2376 950 2459 sollertia,
961 2374 965 2461 l
978 2380 1014 2440 ut
1025 2377 1065 2455 [p.
1072 2390 1124 2441 280

108 2485 149 2528 ex
180 2467 247 2532 hoo
274 2466 338 2550 die,
366 2488 462 2550 quem
489 2465 574 2550 apud
600 2465 743 2529 Ennium
771 2464 867 2528 etin
893 2462 1043 2527 maximis
1071 2486 1125 2527 an·

69 2565 95 2605 2⁵
108 2554 246 2619 nalibus
274 2554 502 2639 consignatum
528 2552 688 2637 videmus,
715 2551 896 2637 superiores
920 2550 999 2614 solis
1023 2550 1125 2615 defec-

108 2641 221 2707 tiones
258 2646 428 2727 reputatac
460 2641 526 2705 sint
557 2662 660 2725 usque
692 2640 732 2704 ad
763 2640 870 2723 illam,
907 2660 988 2723 quae
1020 2637 1125 2703 Nonis

110 2726 335 2803 Quinctilibus
371 2729 436 2793 fuit
466 2734 623 2815 regnante
655 2728 810 2813 Romulo,
847 2728 964 2812 quibus
997 2726 1125 2811 quidem

110 2814 293 2883 Romulum
321 2817 464 2882 tenebris
495 2818 623 2882 etiamsi
653 2820 773 2883 natura
800 2817 841 2882 ad
868 2817 1047 2881 humanum
1075 2837 1126 2879 ex-

110 2903 200 2971 itum
215 2906 367 2990 abripuit,
380 2906 484 2970 virtus
498 2909 585 2970 tame
624 2906 631 2919 ’
731 2908 800 2970 lum
815 2906 933 2970 dicitur
945 2903 1125 2969 sustulisse.

72 3003 98 3045 ³⁰
182 2993 267 3057 Tum
291 2993 430 3058 Tubero:
458 2928 796 3079 Videsnffifritiane,
819 2993 905 3077 quod
927 2992 1026 3077 paulo
1050 2962 1178 3089 autel}

18 3162 19 3165 Ἴ
114 3102 211 3146 secus
234 3082 296 3146 tibi
318 3082 497 3165 videbatur,
521 3083 580 3146 doc
595 3132 601 3146 .
617 3130 624 3145 .
639 3132 667 3147 ..

367 3239 604 3321 [Desiderato
621 3240 757 3321 popinae
778 3240 878 3318 duae]

117 3344 262 3430 ....lis,
289 3367 371 3429 quae
397 3344 529 3410 videant
556 3342 663 3409 ceteri.
705 3341 789 3418 Quid
811 3362 909 3428 porro
933 3345 991 3406 aut
1014 3343 1055 3423 [p.
1075 3357 1126 3407 121

116 3434 321 3517 praeclarum
343 3436 437 3519 putet
459 3433 494 3496 in
515 3434 612 3498 rebus
635 3430 795 3514 humanis,
819 3431 874 3514 qui
894 3429 974 3495 haec
993 3431 1126 3495 deorum

104 3528 220 3606 'regna
238 3522 447 3606 perspexerit,
467 3525 523 3585 aut
541 3520 737 3604 diuturnum,
757 3519 812 3604 qui
832 3519 1030 3605 cogn—operit,
1049 3516 1127 3602 quid

79 3618 105 3659 ⁸5
120 3607 149 3671 si
187 3612 361 3693 aeternum,
385 3613 441 3673 aut
465 3608 651 3693 gloriosum,
675 3608 731 3692 qui
753 3606 880 3710 vid—erit,
904 3630 1000 3691 quam
1024 3626 1127 3691 parva
