2675 4209
313 204 410 258 ΜΒ.
429 206 463 261 Π.
489 204 565 260 cAP.
586 213 699 262 13-17.
722 212 873 273 sss-ar.
1044 208 1112 273 315

68 336 194 409 Numam
225 344 481 433 Pythagorae
508 349 611 434 ipsius
638 349 833 435 discipulum
859 353 917 415 ant
942 354 1030 417 certo
1050 350 1112 437 Py·

67 426 259 513 thagoreum
285 435 443 501 fuisse?
463 438 468 522 Ι
489 458 584 521 saepe
605 437 691 502 enim
709 438 772 503 boc
790 438 829 502 de
847 437 976 503 maiori·
997 440 1039 518 [p.
1059 455 1111 504 aas

66 512 112 577 bus
137 524 227 585 natu
263 524 481 589 audivimus
509 528 543 589 et
569 526 617 589 ita
639 526 858 609 intellegimus
880 527 981 610 vulgo
1004 525 1112 590 existi-

63 604 146 687 mari3
174 630 309 694 neque
348 634 437 677 vero
461 613 542 677 satis
569 613 602 677 id
625 614 792 678 annalium
813 613 1018 698 publicorum
1041 635 1113 679 auc·

44 690 188 759 ⁵toritate
228 698 471 765 declaratum
502 701 657 765 videmus.
706 702 789 766 Tum
820 698 943 785 Scipioz
978 699 1113 765 Falsum

61 779 102 839 est
137 784 256 869 enim,
310 787 458 870 Manili,
493 788 613 872 inquit,
649 789 683 853 id
714 792 836 872 totum,
870 809 975 873 neque
1006 790 1112 854 solum

16 931 21 939 .
58 861 175 963 fitium,
203 874 279 937 sed
310 876 427 940 etiam
445 876 594 960 imperite
612 875 814 961 absurdeque
832 877 957 961 fictum3
980 898 1019 943 ea
1036 882 1114 943 sunt

63 968 140 1018 emm
181 959 355 1028 demum
388 985 455 1029 non
486 964 618 1030 ferenda
650 965 686 1027 in
716 964 896 1049 mendacio,
933 988 1015 1050 qnae
1045 988 1112 1033 non

61 1040 163 1136 Solum
200 1048 306 1115 ficta
351 1072 436 1135 esse,
468 1051 587 1116 sedne
615 1052 687 1116 fieri
718 1051 847 1135 quidem
872 1054 1019 1137 potuisse
1045 1077 1112 1119 cer·

38 1136 177 1230 immas.
230 1136 349 1205 Nam
381 1143 533 1223 quartum
552 1140 557 1223 Ι
577 1140 644 1204 iam
671 1161 791 1203 annum
818 1146 976 1226 regnante
999 1144 1041 1223 [p.
1060 1159 1112 1207 296

64 1208 160 1283 Lucro
182 1222 398 1311 Tarquinio
421 1224 566 1311 Superbo
591 1225 742 1310 Sybarim
769 1231 802 1291 et
824 1226 1001 1293 Crotonem
1023 1229 1113 1293 etin

22 1339 24 1352 ι
68 1320 116 1365 eas
131 1305 280 1377 ltaliae
313 1315 421 1399 partis
435 1313 641 1399 Pythagoras
660 1315 787 1379 venisse
805 1316 979 1400 reperitur3
1001 1315 1113 1398 Olym·

18 1469 20 1490 Ι
69 1388 136 1485 pias
160 1399 269 1465 enim
295 1403 441 1468 secunda
459 1406 493 1467 et
511 1402 716 1488 sexagesima
734 1403 845 1467 eadem
864 1401 1001 1487 Superbi
1019 1403 1113 1488 regni

20 1493 23 1512 ’¹
67 1478 206 1571 mitium
247 1493 293 1554 et
323 1490 531 1575 Pythagorae
564 1490 708 1555 declarat
740 1490 923 1554 adveniam.
969 1489 1020 1553 Ex
1047 1512 1111 1573 quc
1130 1507 1165 1555 29

47 1569 236 1660 ¹⁵1ntellegi
271 1578 380 1662 regiis
412 1578 504 1642 annis
538 1578 751 1642 dinumeratis
783 1581 893 1662 potest
928 1600 1013 1642 anno
1044 1577 1112 1643 fere

74 1660 274 1730 centesimo
304 1669 339 1729 et
362 1666 609 1751 quadragesimo
637 1669 875 1750 postmortem
897 1664 1024 1731 Numae
1049 1667 1112 1751 pri-

81 1757 170 1835 }num
191 1748 347 1817 ltaliam
364 1752 588 1839 Pythagoram
607 1752 612 1835 Ι
633 1752 797 1838 attigisse;
819 1776 922 1837 neque
941 1754 1003 1820 hoc
1023 1757 1063 1835 [p.
1077 1772 1111 1820 39

80 1833 166 1897 mter
193 1860 274 1926 eos,
301 1840 356 1925 qui
379 1841 627 1927 diligentissime
650 1840 812 1925 persecuti
835 1845 911 1905 sunt
928 1846 1113 1927 temporum

84 1924 244 2011 amares,
282 1929 352 1993 ulla
383 1933 433 1993 est
464 1951 619 2012 umquam
647 1928 683 1992 in
710 1929 911 1993 dubitatione
937 1935 1112 1994 versatum.

27 1996 128 2105 saeDl
155 2010 378 2100 inmortales,
405 2016 512 2099 inquit
536 2016 702 2100 Manilius,
731 2021 871 2100 quantus
899 2017 961 2081 iste
984 2021 1034 2082 est
1057 2019 1113 2082 bo·

87 2110 219 2167 mnam
253 2108 289 2169 et
317 2126 415 2188 quam
441 2104 640 2169 inveteratus
668 2104 773 2168 error!
809 2104 858 2169 Ac
884 2108 996 2169 tamen
1016 2106 1113 2170 facile

92 2184 205 2260 patior
236 2214 308 2257 non
329 2213 399 2257 esse
421 2214 481 2256 nos
506 2191 733 2255 transmarinis
756 2213 815 2256 nec
837 2192 1013 2276 inportatis
1036 2193 1112 2257 arti-

92 2264 152 2336 bus
185 2279 352 2364 eruditos,
385 2279 441 2344 sed
472 2280 619 2363 genuinis
650 2280 898 2362 domesticisque
926 2280 1112 2344 virtutibus.
1124 2321 1165 2386 16

96 2353 202 2447 Atqui
231 2368 338 2433 multo
365 2367 399 2431 id
424 2366 553 2431 facilius
580 2388 769 2451 cognosces,
795 2366 902 2449 inquit
930 2365 1112 2450 Africanus,
1131 2399 1166 2447 30

64 2450 85 2491 ²⁵
99 2443 125 2545 ΒΞ
145 2448 150 2531 Ι
171 2455 441 2540 progredientem
468 2476 537 2518 rem
564 2454 729 2539 publicam
757 2457 854 2537 atque
881 2453 917 2516 in
940 2475 994 2536 op·
1018 2455 1059 2534 [p.
1078 2470 1113 2519 40

99 2533 222 2609 timum
252 2546 374 2607 statum
400 2542 543 2606 naturali
570 2542 711 2626 quodam
737 2541 854 2605 itinere
882 2545 915 2605 et
942 2563 1038 2607 cursu
1061 2563 1114 2606 ve-

100 2622 249 2697 nientem
275 2630 408 2713 videris3
438 2630 517 2713 quin
543 2629 606 2695 hoc
632 2630 704 2713 ipso
733 2629 926 2713 sapientiam
954 2630 1113 2695 maiorum

101 2713 231 2784 statues
255 2740 325 2783 esse
347 2718 555 2801 laudandam,
583 2718 668 2801 quod
692 2718 796 2782 multa
818 2718 989 2805 intelleges
1013 2719 1113 2785 etiam

105 2799 236 2871 aliunde
268 2809 376 2871 sumta
407 2806 543 2870 meliora
575 2805 661 2889 apud
691 2826 751 2869 nos
784 2807 887 2870 multo
918 2829 988 2870 esse
1016 2807 1114 2889 facta,

68 2891 91 2935 ³⁰
105 2906 205 2970 quam
235 2893 283 2959 ibi
308 2894 458 2977 fuissent,
490 2893 573 2957 unde
600 2894 663 2958 huc
689 2894 852 2957 translata
880 2898 988 2957 essent
1016 2899 1114 2978 atque

91 2976 164 3053 ¹ubi
185 2982 326 3067 primum
346 2982 539 3065 extitissent,
560 2981 796 3065 intellegesque
816 3002 883 3044 non
902 2980 1039 3045 fortuito
1058 3002 1114 3063 po-

28 3082 45 3105 r
109 3068 220 3193 pullum
248 3069 445 3153 Romanum,
478 3069 534 3132 sed
565 3068 699 3133 consilio
733 3071 766 3132 et
798 3067 969 3151 disciplina
1001 3068 1114 3131 confir·

110 3162 415 3329 mlidaiiilgl
430 3154 949 3327 lttt1dttttt0ltttt
971 3155 1113 3325 sitiit}

81 3332 104 3377 ³⁵
116 3346 219 3418 regem
236 3333 398 3416 interrege
416 3334 553 3417 rogante
568 3328 708 3395 comitiis
722 3329 854 3393 curiatis
869 3328 1000 3413 creavit,
1021 3328 1114 3414 isque

119 3414 154 3483 de
175 3420 308 3505 imperio
337 3441 396 3484 suo
424 3419 571 3503 exemplo
593 3416 746 3501 Pompilii
769 3418 925 3501 populum
951 3419 1114 3483 consuluit

120 3507 265 3573 curiatim.
311 3505 410 3573 Cuius
439 3507 598 3570 excellens
624 3505 659 3569 in
686 3526 721 3569 re
748 3504 886 3570 militari
912 3505 1018 3592 gloria
1048 3530 1113 3573 ma·

27 1900 34 1942 l

1126 3212 1164 3340 s
