2675 4209
340 306 857 376 LIBWHGAPtl'l-Mssff-WM
1038 311 1104 377 329

48 456 174 517 autem
219 451 309 515 sine
340 450 440 515 ullius
469 452 583 537 populi
612 454 760 555 exemplo
790 474 892 539 genus
918 454 1026 540 ipsum
1053 476 1105 519 ex·
1130 425 1133 431 Ι

48 540 164 624 quiris
209 538 348 623 optimi
380 542 501 622 status,
531 541 709 605 naturae'
698 542 842 627 imagine
872 542 1029 607 utendum
1055 546 1105 606 est

45 630 156 693 nobis
157 626 369 714 ,quoniam
383 630 421 692 tu
432 628 540 693 hano
531 628 708 714 rmaginem
722 630 813 694 urbis
826 634 861 694 et
873 629 1032 715 populi
1000 651 1088 695 ιιι..

410 750 532 831 [Multa
552 751 788 835 desiderantur]

189 907 201 925 .
289 877 417 940 ‚quem
452 856 519 921 iam
552 856 674 923 dudum
707 880 828 943 quaero
861 861 896 923 et
930 858 972 923 ad
1005 860 1047 940 [p.
1071 832 1157 960 19432

20 964 171 1031 eqnem
210 946 317 1031 cupio
345 944 522 1029 pervenire.
567 944 605 1011 L.
626 944 824 1011 Prudentem
849 946 989 1012 fortasse
1012 970 1106 1049 quae

50 1037 133 1100 ris?
178 1034 283 1098 Tum
305 1032 375 1097 ille:
397 1031 530 1097 Istum'
521 1054 637 1117 1psum.
673 1035 712 1101 L.
733 1033 796 1099 Est
813 1034 875 1099 tibi
893 1057 933 1100 ex
951 1036 997 1101 eis
1015 1037 1106 1121 ipsis,

52 1124 120 1207 qui
145 1123 298 1206 adsunt,
321 1121 411 1185 bella
429 1120 531 1205 copia,
553 1122 606 1186 vel
624 1125 661 1187 ut
680 1145 701 1189 a
717 1123 842 1208 teipso
861 1123 996 1189 ordiare
1022 1124 1106 1189 Τιιιιι

53 1210 217 1296 Scipio.
242 1209 354 1293 Atque
376 1208 502 1273 utinam
524 1230 563 1273 ex
586 1210 676 1275 omni
698 1215 813 1276 senatu
834 1233 894 1311 pro
917 1215 991 1277 rata
1011 1217 1107 1297 parte

55 1301 185 1365 esset!
228 1295 292 1362 Sed
319 1300 431 1361 tamen
457 1300 508 1361 est
534 1297 592 1362 ille
613 1298 769 1383 prudens,
797 1299 865 1382 qui,
892 1304 930 1363 ut
953 1320 1106 1383 saepem

16 1407 42 1447 io
57 1388 208 1452 Africa
223 1385 396 1469 vidimuss
387 1407 523 1449 mimam
513 1384 570 1449 et
581 1389 694 1451 vastae
704 1386 847 1450 insidens
856 1386 972 1449 beluae
981 1391 1107 1451 οοὲιιει

59 1481 99 1541 et
127 1474 237 1558 regit
223 1436 395 1554 tbeluadr‚
418 1494 618 1557 quocumque
636 1474 718 1555 vult,
740 1473 806 1537 levi
823 1473 968 1537 admonit
954 1477 991 1537 ιιι
1008 1473 1107 1554 †non

61 1586 115 1649 ao
109 1562 173 1629 tu
202 1559 340 1625 inflectit
362 1523 455 1625 illam
472 1560 585 1625 feram.
616 1559 654 1626 L.
673 1558 760 1623 Novi
771 1563 821 1643 -,et
838 1560 901 1624 tibi
919 1582 991 1624 oum
1011 1563 1052 1642 [p.
1072 1578 1106 1627 ιο

62 1672 201 1717 essem
234 1650 324 1735 legat
326 1671 377 1732 us,
410 1670 506 1732 saepe
537 1648 613 1713 vidi.
657 1646 691 1714 S
713 1645 804 1733 Ergo
835 1647 893 1711 ille
919 1646 1019 1713 Indus
1050 1653 1107 1714 aut

63 1741 224 1805 Poenus
246 1760 345 1801 unam
368 1741 494 1801 eoireet
516 1736 660 1821 beluam,
683 1739 717 1800 et
740 1757 812 1801 eam
835 1736 972 1801 doeilem
995 1742 1028 1802 et
1050 1737 1107 1803 hu·

22 1848 50 1887 15
66 1826 202 1892 manis
230 1825 375 1889 moribus
404 1825 585 1907 adsuetam3
613 1828 648 1889 at
675 1845 752 1889 vero
780 1847 830 1910 ea,
858 1830 1016 1909 quaet
967 1826 1050 1891 latet

71 1914 213 1981 animia
242 1914 412 1978 hominum
441 1933 586 1996 quaeque
613 1934 692 1997 pars
722 1914 823 1978 animi
848 1936 940 1978 mens
962 1919 1107 1998 vocatur,

71 2025 161 2068 non
187 2023 288 2065 unam
315 2004 372 2065 aut
398 2000 528 2065 facilem
557 2001 598 2065 ad
625 2001 839 2085 subigendum
865 2002 974 2067 frenat
996 2008 1029 2067 et
1052 2004 1105 2068 do-

74 2093 174 2173 mat,
198 2090 227 2153 si
250 2090 378 2172 quando
401 2089 434 2153 id
458 2088 565 2169 efficit,
588 2090 675 2173 quod
696 2111 830 2173 perraro
852 2094 971 2176 potest.
1007 2088 1105 2156 Nam-

79 2199 158 2264 que
182 2180 216 2241 et
237 2177 297 2241 illa
319 2176 459 2241 tenenda
482 2180 532 2240 est
554 2176 660 2241 ferox.
675 2227 683 2241 .
698 2227 729 2243 ..

216 2280 457 2363 [Desiderautur
478 2288 623 2365 quatietur
644 2284 811 2349 minimum
825 2285 985 2366 popinae]

35 2411 66 2451 ιο
163 2388 212 2453 ιι.
242 2389 365 2453 recites
392 2388 429 2453 a
456 2409 491 2453 re
513 2389 641 2470 aazia
670 2389 720 2453 aa
745 2388 804 2452 ιι·
835 2410 918 2470 quae
948 2389 1105 2472 sanguine
1114 2345 1155 2470 ιι

86 2477 212 2559 alitur,
241 2498 324 2559 quae
352 2476 388 2540 in
418 2476 506 2540 omni
533 2476 724 2540 erudelitate
752 2476 799 2540 sio
826 2476 964 2559 exultat,
992 2477 1106 2540 utrix
1253 2480 1257 2487 ’

86 2564 267 2631 hominum
281 2565 404 2628 acerbis
418 2564 585 2628 funeribus
600 2565 745 2629 satietur.
772 2563 1107 2648 (Noniuepeooar.)

163 2653 212 2717 M.
233 2653 355 2717 Tullius
377 2654 412 2716 de
434 2673 468 2716 re
484 2653 569 2735 publ.
591 2653 640 2717 lib.
658 2652 717 2715 11.-
741 2650 856 2735 eupido
876 2655 984 2716 autem
1003 2655 1036 2717 et
1055 2674 1106 2717 ex·

92 2739 224 2827 petenti
251 2744 284 2804 et
306 2740 490 2805 lubidinoso
514 2743 547 2804 et
569 2739 791 2806 volutabundo
814 2739 851 2805 in
870 2741 1105 2826 voluptatibus.

46 2829 238 2912 2⁵(Noreius
253 2850 288 2910 p
310 2833 381 2893 491.
403 2829 470 2912 16.)

163 2916 212 2980 M.
237 2916 359 2981 Tullius
380 2917 417 2981 de
437 2937 472 2981 re
487 2917 572 2997 publ.
596 2917 646 2983 leb.
668 2916 728 2981 II:
750 2921 931 3017 quartaque
950 2918 1103 2984 anxitudo

96 3025 201 3090 prona
224 3004 265 3068 ad
287 3003 354 3068 luet
340 3008 410 3069 tum
433 3009 467 3068 et
489 3026 636 3069 maerens
660 3026 851 3091 semperque
873 3005 946 3089 ipsa
964 3026 998 3069 se
1017 3006 1105 3107 solli-

96 3091 211 3157 citans.
255 3092 445 3174 (Noniusp.
469 3093 610 3175 7230)

163 3180 212 3244 M
233 3180 356 3245 Tullius
377 3182 413 3244 de
434 3200 468 3244 re
488 3181 568 3261 peril.
593 3180 642 3244 lib.
665 3180 724 3244 II:
747 3200 818 3243 esse
841 3182 950 3242 autem
974 3200 1104 3263 angore,

58 3285 85 3326 eo
99 3288 168 3331 esse
191 3267 322 3331 miseria
345 3267 453 3331 adfiiot
456 3289 491 3331 as
515 3271 572 3331 aut
595 3268 738 3331 abiectas
760 3265 937 3330 timiditate
960 3267 993 3330 et
1015 3266 1104 3351 igna-

98 3355 160 3420 via.
195 3354 484 3437 (Nouiusp.228.
506 3355 572 3438 19.)
725 3391 726 3394 ¹

163 3443 212 3507 M
232 3444 356 3507 Tullius
377 3450 412 3508 de
433 3464 467 3508 re
486 3444 568 3524 publ.
592 3442 642 3507 leb,
664 3440 724 3506 11:
746 3439 794 3505 Ut
817 3441 932 3527 auriga
954 3441 1103 3509 indoctus

100 3552 235 3595 eourru
256 3530 409 3614 trahitur,
432 3531 600 3614 opteritur,
623 3530 775 3614 laniatur,
798 3529 937 3596 eliditur.
964 3531 1105 3615 (Nonius

95 3639 128 3702 p.
148 3621 225 3685 292.
246 3622 291 3685 32
312 3619 417 3697 Mera,
439 3623 515 3685 292.
536 3626 558 3684 3
580 3620 701 3705 Quiete.)
