2675 4209
264 262 357 318 ΗΒ.
383 263 432 317 Π.
460 260 535 317 ceP.
554 270 668 320 ao-ra.
691 269 839 331 soem
1017 262 1083 329 319

45 392 134 463 rictam
161 404 266 470 tulit.
324 405 393 471 Et
425 407 566 492 primum
592 406 806 473 Etruscorum
832 406 967 472 iniurias
995 406 1086 473 bello

44 488 197 574 utultus3
223 515 275 557 ex
307 515 404 579 quc
425 515 498 560 cum
520 517 655 560 ma...

286 616 561 699 [Desiderantar
579 620 715 703 popinae
734 620 837 700 duae]

157 768 165 783 .
180 719 462 808 duodeviginti
491 745 589 789 censu
620 723 771 789 maximo.
817 721 942 789 Deinde
969 723 1011 805 [p.
1032 684 1138 812 10⁷2ss

39 798 167 880 equitum
199 831 370 895 magno
398 832 533 876 numero
560 833 599 876 ex
627 813 715 876 omni
743 810 857 896 populi
883 831 1011 877 summa
1037 833 1084 877 se

22 892 134 985 sperato
159 897 375 963 relicuum
396 900 552 984 populum
571 899 739 964 distribuit
759 899 794 963 iu
812 898 952 983 quinque
970 900 1085 967 classis

40 989 247 1066 senioresque
280 1009 311 1051 a.
342 986 528 1051 iunioribus
551 987 662 1053 divisit
685 1008 804 1071 easque
826 986 875 1051 ita
897 987 1085 1073 disparavit,

40 1064 66 1120 Ut
87 1068 271 1157 suffragia
307 1096 390 1139 non
415 1073 451 1139 in
475 1074 708 1159 multitudinis,
735 1074 792 1139 sed
817 1074 852 1139 in
874 1074 1085 1161 locupletium

41 1151 198 1245 potestate
235 1165 391 1245 essent,
419 1162 619 1248 curavitque,
647 1163 734 1247 quod
761 1183 888 1247 semper
914 1164 950 1228 in
971 1186 1006 1229 re
1028 1187 1085 1249 pu·

43 1230 114 1303 bhoa
152 1248 374 1313 tenendum
406 1254 469 1334 est,
503 1273 544 1315 ne
575 1252 751 1336 plurimum
782 1252 914 1315 valeant
943 1252 1084 1335 plurimi.

21 1316 117 1391 nume
143 1330 153 1414 l
180 1334 388 1423 discriptio
417 1338 446 1401 si
472 1341 559 1402 esset
580 1340 696 1425 ignota
716 1338 824 1422 vobis,
851 1337 950 1422 expli·
973 1340 1015 1419 [p.
1035 1354 1086 1403 108

48 1418 168 1518 caretur
202 1444 229 1487 a
262 1448 346 1507 me3
375 1447 460 1490 nunc
486 1426 646 1491 rationem
673 1426 791 1490 videtis
815 1426 1022 1526 essetalem,
1048 1430 1086 1526 ut

46 1492 1085 1685 ltttdtnttttffttttd'ttttdtdlittttt:

53 1671 206 1757 llgnariis
246 1693 310 1755 est
339 1690 427 1772 data,
459 1706 634 1755 Lxxxv1111
661 1689 824 1755 centurias
851 1690 986 1774 babeat3
1017 1690 1085 1776 qui·

34 1756 112 1827 libas
137 1792 182 1836 en
213 1782 363 1843 centum
390 1781 545 1861 quattuor
567 1778 721 1843 centuriis
744 1775 811 1863 (tot
833 1779 919 1844 enim
940 1779 1084 1864 reliquae

59 1854 143 1943 ΒΜ)
165 1868 254 1931 octo
279 1866 370 1931 solae
388 1866 417 1930 si
436 1869 647 1949 accesserunt,
670 1865 818 1931 confecta
836 1870 885 1931 est
903 1868 953 1932 vis
970 1867 1085 1953 populi

59 1940 230 2037 lldiuersa,
272 1954 458 2037 relicuaque
490 1955 595 2018 multo
627 1954 732 2018 maior
762 1954 937 2019 multitudo
968 1976 1025 2019 sex
1052 1958 1085 2020 et

66 2038 254 2121 ¹10ssagiuta
277 2042 497 2108 centuriarum
517 2041 522 2125 l
541 2064 645 2126 neque
664 2040 886 2106 excluderetur
907 2042 971 2107 suf-
990 2044 1030 2123 [p.
1049 2058 1084 2108 93

65 2109 189 2210 fragiis,
214 2152 263 2196 ne
286 2130 462 2215 superbum
481 2133 575 2213 esset,
597 2151 657 2194 nec
674 2127 799 2194 valeret
816 2130 922 2213 nimis,
939 2152 980 2195 ne
999 2135 1085 2195 esset

44 2206 303 2284 ²⁰Periculosum.
342 2217 382 2282 In
406 2239 468 2302 quo
492 2218 591 2282 etiam
613 2216 722 2282 verbis
745 2218 985 2282 acruminibus
1003 2218 1084 2301 ipsis
1101 2230 1137 2279 40

70 2287 127 2360 fuit
145 2301 311 2393 diligens3
334 2306 390 2390 qui
408 2328 482 2370 cum
499 2304 672 2389 locupletis
691 2304 869 2370 assiduos
886 2304 1085 2389 appellasset

76 2380 111 2444 ab
127 2409 204 2458 asse
227 2395 344 2478 dando,
367 2415 431 2476 eos,
455 2393 511 2476 qui
529 2397 586 2457 aut
604 2414 670 2456 non
688 2392 761 2476 plus
780 2392 869 2456 mille
888 2390 1084 2475 quingentos

76 2474 153 2541 “eris
178 2486 242 2548 aut
265 2482 396 2547 omnino
419 2481 503 2544 nihil
525 2481 560 2546 in
578 2502 672 2545 suum
691 2500 821 2544 censum
839 2481 968 2563 praeter
987 2484 1085 2563 caput

75 2560 280 2654 tulissent,
309 2569 546 2654 proletarios
574 2568 769 2648 nominavit,
797 2570 835 2631 ut
861 2589 900 2631 ex
927 2567 968 2631 iis
992 2569 1085 2652 quasi

51 2649 196 2742 ²⁵proles,
230 2657 265 2721 id
296 2661 347 2721 est
378 2656 471 2741 quasi
501 2656 674 2743 progenies
702 2655 857 2741 civitatis,
882 2656 888 2742 Ι
911 2678 962 2721 ex·
990 2659 1030 2738 [p.
1049 2674 1085 2725 94

78 2744 200 2815 pectori
232 2744 404 2809 videretur.
448 2743 585 2809 Illarum
617 2748 727 2809 autem
758 2766 814 2810 ser
843 2749 876 2811 et
904 2747 1085 2833 nonaginta

82 2834 296 2898 centuriarum
322 2833 357 2896 in
378 2854 444 2896 una
467 2832 612 2897 centuria
634 2836 705 2897 tum
728 2834 858 2918 quidem
879 2835 990 2919 plures
1014 2858 1084 2900 cen-

81 2914 234 2986 rebantur
261 2943 358 3004 quam
384 2941 485 3005 paene
512 2921 548 2984 in
570 2921 678 3005 prima
700 2923 803 2987 classe
825 2924 905 2987 tota.
951 2921 1004 2985 Ita
1025 2943 1084 2986 nec

83 3006 312 3080 prohibebatur
335 3009 506 3092 quisquam
529 3009 598 3073 iure
621 3010 778 3095 suffragii,
801 3012 835 3073 et
852 3009 881 3071 is
899 3009 1031 3071 valebat
1049 3008 1084 3071 in

32 3092 233 3181 ,bsmragio
256 3096 444 3180 plurimum,
468 3095 557 3161 cuius
580 3098 756 3181 plurimum
778 3096 934 3159 intererat
957 3114 1026 3157 esse
1048 3092 1084 3156 in

91 3184 206 3263 Optimo
231 3186 320 3248 statu
342 3184 517 3248 civitatem.
563 3182 769 3259 Quinetiam
791 3182 933 3245 accensis
957 3179 1083 3263 velatis,

91 3260 264 3354 liticinibus,
288 3272 512 3354 cornicinibus,
534 3270 791 3355 proletariis...

289 3377 679 3459 [Desiderato-popone
700 3375 865 3455 quattuor]

151 3484 193 3549 M.
211 3482 332 3547 Tullius
354 3484 390 3547 dc
407 3502 440 3546 re
452 3503 486 3563 p.
505 3482 554 3546 leb.
572 3480 631 3545 II:
654 3476 750 3580 Statu
773 3499 843 3542 esse
865 3481 988 3567 optimo
1008 3452 1133 3579 oon-24}

98 3572 228 3638 stitutum
249 3592 318 3634 rem
337 3569 510 3654 publicam,
532 3590 614 3652 quae
633 3589 672 3632 ex
689 3567 795 3632 tribus
815 3571 986 3659 generibus
1005 3572 1081 3649 illis,
