2675 4209
241 267 307 333 320
598 265 648 319 DE
665 265 715 320 RE
732 264 888 321 PUBLICA

240 410 345 497 regali
374 414 407 475 et
434 410 595 494 optumati
621 413 655 473 et
681 408 847 494 populari,
875 409 1010 475 confusa
1036 409 1161 475 modice
1189 433 1297 479 neo

239 498 400 585 puniendo
423 498 536 562 inritet
559 498 703 562 animum
724 499 888 562 inmanem
910 520 949 563 aa
969 497 1083 562 ferum.
1106 498 1299 580 (Nonam

188 696 222 745 42
240 704 267 755 p.
286 677 335 756 45]
409 676 657 755 ...quinque
686 678 716 738 ct
746 672 915 758 sexaginta
947 674 1040 737 annis
1073 674 1289 762 antiquior,

241 763 327 846 quod
350 766 420 827 erat
437 779 588 826 xxxvnn
611 764 687 825 ante
705 762 844 845 primam
864 762 1090 845 Olympiadem
1108 763 1286 829 condita.

240 850 285 916 Et
308 849 553 934 antiquissimus
575 848 630 913 ille
644 848 812 933 Lycurgus
836 849 948 913 eadem
969 849 1052 913 vidit
1073 849 1149 913 fere.
1184 850 1286 916 Ita-

241 959 303 1022 que
330 938 395 1002 ista
422 936 636 1020 aequabilitas
665 939 763 1019 atque
784 936 847 1001 hoc
868 936 989 1021 triplex
1011 958 1120 1002 rerum
1141 939 1283 1021 publi-

241 1047 352 1091 carum
379 1046 480 1110 genus
508 1024 636 1089 videtur
663 1024 744 1087 mihi
770 1041 939 1089 commune
964 1024 1060 1089 nobis
1084 1048 1156 1089 eum
1181 1026 1279 1092 illis

240 1113 371 1199 populis
393 1112 502 1176 fuisse.
543 1109 621 1195 Sed,
649 1112 734 1195 quod
756 1112 924 1196 proprium
947 1112 1054 1176 estin
1076 1117 1192 1177 nostra
1217 1138 1276 1181 re

240 1200 384 1286 publica,
413 1222 475 1283 quo
503 1198 586 1263 nihil
613 1200 719 1284 possit
746 1220 815 1263 esse
842 1199 1054 1284 praeclarius,
1081 1201 1115 1265 id
1141 1223 1304 1285 perse-1

240 1318 268 1369 p.
282 1291 331 1369 46]
356 1311 444 1372 quar,
467 1287 495 1351 si
513 1291 637 1372 potero,
660 1287 828 1371 subtilius3
851 1288 938 1371 quod
956 1288 1019 1351 erit
1037 1289 1105 1353 eius
1125 1287 1130 1374 Ι
1151 1292 1273 1377 modi,

241 1377 325 1442 nihil
343 1381 380 1441 ut
397 1377 464 1440 tale
483 1378 550 1440 ulla
567 1376 602 1439 in
619 1398 654 1440 re
672 1375 804 1460 publica
822 1376 1012 1460 reperiatur.
1043 1375 1134 1441 Haec
1153 1378 1274 1464 enim,

242 1488 324 1548 quae
348 1465 451 1530 adhuc
474 1463 615 1548 exposui,
637 1463 686 1527 ita
707 1463 811 1527 mixta
831 1462 963 1527 fuerunt
986 1467 1019 1527 et
1040 1464 1075 1528 in
1093 1465 1155 1529 hac
1174 1466 1273 1531 civi-

241 1556 310 1617 tate
340 1556 373 1617 et
394 1553 429 1615 in
451 1550 779 1617 Lacedaemoniorum
802 1554 835 1615 et
857 1551 892 1614 in
913 1550 1268 1640 Karthaginiensium,

191 1644 280 1705 13111
310 1643 493 1724 temperata
523 1640 614 1704 nullo
643 1639 766 1703 fuerint
795 1638 899 1703 m0d0.
944 1638 1032 1704 Nam
1057 1640 1093 1704 in
1121 1650 1186 1724 qua
1215 1666 1266 1707 re
1287 1666 1304 1703 1.

240 1729 373 1813 publica
400 1732 450 1791 est
476 1749 559 1792 unus
583 1727 701 1810 aliquis
724 1730 881 1811 perpetua
902 1732 1078 1813 potestate,
1105 1752 1265 1812 praeser-

241 1816 302 1880 tim
324 1815 429 1899 regia,
453 1815 599 1898 quamvis
622 1815 658 1878 in
681 1836 719 1878 ea
742 1815 785 1877 sit
808 1818 841 1878 et
864 1819 1008 1900 senatus,
1031 1819 1068 1880 ut
1091 1820 1161 1880 tum
1185 1818 1264 1883 fuit

241 1902 374 1987 Romae,
398 1925 469 1967 cum
493 1906 586 1966 erant
608 1921 712 1985 reges,
734 1905 772 1965 ut
792 1899 928 1986 Spartae
946 1903 1088 1989 Lycurgi
1110 1905 1261 1990 legibuS‚

241 2020 269 2071 p.
289 1991 353 2071 145]
382 1994 414 2054 et
441 1994 478 2054 ut
506 1990 549 2053 sit
576 1990 708 2073 aliquod
735 1990 834 2054 etiam
860 1992 975 2075 populi
998 1993 1002 2075 Ι
1026 1992 1091 2077 ius,
1120 1997 1158 2057 nt
1184 1993 1260 2058 fuit

241 2079 328 2163 apud
344 2081 474 2142 nostros
492 2098 596 2163 reges,
615 2082 726 2141 tamen
742 2078 826 2142 illud
839 2079 967 2143 excellit
979 2079 1106 2165 regium
1119 2102 1257 2166 nomen,
1275 2104 1304 2144 ac

241 2188 344 2250 neque
374 2169 483 2250 potest
511 2166 578 2229 eius
606 2166 695 2230 modi
721 2188 773 2230 res
800 2166 932 2250 publica
957 2189 1025 2231 non
1053 2189 1192 2253 regnum
1216 2175 1259 2235 et

242 2276 312 2319 esse
332 2257 365 2318 et
382 2254 499 2318 vocari.
531 2252 582 2319 lla
601 2258 710 2319 autem
723 2254 829 2318 forma
843 2254 984 2319 civitatis
999 2256 1166 2321 mutabilis
1181 2280 1258 2323 ma-

241 2343 327 2407 xime
350 2345 400 2407 est
422 2342 506 2407 hanc
529 2342 570 2407 ob
595 2363 740 2426 causam,
762 2343 848 2425 qnod
870 2343 965 2407 unius
988 2344 1068 2408 vitio
1092 2346 1255 2431 praecipi-

241 2434 313 2495 tata
328 2430 362 2495 in
376 2429 684 2514 perniciosissimam
697 2434 825 2512 partem
837 2430 993 2495 facillime
1007 2432 1131 2496 decidit.
1159 2431 1254 2499 Nam

129 2579 130 2583 ,
240 2520 348 2603 ipsum
378 2520 487 2602 regale
516 2539 617 2603 genus
649 2518 792 2582 civitatis
818 2540 883 2582 non
911 2518 1006 2583 modo
1032 2542 1100 2584 non
1126 2524 1178 2584 est
1200 2545 1253 2587 re
1267 2538 1292 2580 25

241 2637 268 2687 p.
285 2608 349 2686 146]
369 2605 639 2690 prehendendum,
662 2605 719 2669 sed
740 2606 828 2669 hand
846 2606 913 2670 scio
932 2628 974 2670 an
991 2607 1125 2691 reliquis
1145 2608 1150 2692 Ι
1171 2610 1253 2675 sim-

241 2694 380 2779 plicibus
403 2694 500 2777 longe
520 2695 788 2778 anteponendum,
811 2694 839 2757 si
857 2693 961 2758 ullum
979 2696 1153 2779 probarem
1173 2698 1251 2763 sim-

241 2783 316 2866 plex
338 2780 557 2864 reipublicae
581 2802 696 2867 genus,
720 2782 776 2845 sed
798 2782 855 2865 ita,
878 2782 984 2865 quoad
1006 2786 1130 2847 statum
1152 2806 1251 2850 suum

241 2868 368 2933 retinet.
404 2866 438 2932 Is
462 2872 512 2932 est
535 2872 643 2933 autem
666 2873 782 2953 status,
804 2874 842 2933 ut
863 2869 958 2934 unius
980 2874 1137 2955 perpetua
1156 2877 1250 2956 pote-

242 2961 327 3022 state
356 2959 390 3021 et
416 2956 543 3021 iustitia
570 2957 721 3040 omnique
749 2958 909 3042 sapientia
935 2962 1069 3044 regatur
1096 2959 1185 3024 salus
1214 2965 1250 3025 et
1263 2976 1286 3017 ³⁰

242 3045 457 3130 aequabilitas
484 3047 516 3109 et
540 3044 644 3110 otium
665 3045 792 3111 civium.
836 3045 963 3109 Desunt
986 3046 1115 3111 omnino
1140 3047 1170 3111 ei
1191 3070 1248 3131 po-

240 3135 318 3219 pulo
346 3134 464 3216 multa,
491 3133 546 3215 qut
572 3131 632 3198 sub
655 3154 732 3219 rege
756 3136 819 3219 est,
845 3133 881 3197 in
903 3133 1079 3217 primisque
1100 3134 1248 3220 libertas,
1292 3178 1304 3228 5

243 3244 325 3305 quae
346 3244 414 3286 non
435 3220 470 3285 in
493 3243 530 3286 eo
554 3223 618 3306 est,
645 3225 682 3288 ut
704 3222 790 3286 iusto
813 3225 943 3285 utamur
966 3222 1109 3306 domino,
1132 3223 1188 3287 sed
1209 3228 1248 3289 ut

241 3310 344 3374 nullo.
358 3358 367 3373 .
380 3356 411 3375 ..

487 3395 727 3477 [Desiderato
741 3398 879 3479 popinae
900 3396 1000 3478 duaa]

190 3460 234 3587 {21
243 3510 272 3562 p.
283 3484 330 3564 15]
395 3532 425 3549 ..
440 3532 447 3547 .
461 3483 632 3549 .ferebant
655 3484 787 3549 Etenim
803 3483 855 3548 illi
867 3483 989 3550 iniusto
1005 3484 1135 3551 domino
1149 3489 1245 3571 atque
1256 3500 1277 3541 ³⁵

245 3571 360 3636 acerbo
380 3570 594 3654 aliquamdiu
611 3571 646 3635 in
663 3572 760 3636 rebus
778 3572 930 3657 gerundis
947 3594 1104 3658 prospera
1116 3574 1245 3641 fortuna
