2675 4209
240 290 305 355 272
604 290 653 343 DE
672 289 720 343 RE
738 288 895 344 PUBLICA

238 430 376 511 publicae,
394 447 479 499 quam
496 430 567 485 dicit
584 447 644 485 esse
663 448 722 485 rem
739 428 847 499 populi,
864 428 1001 500 populum
1019 429 1115 510 autem
1133 430 1250 483 coetum

237 500 425 555 multitudinis
449 517 584 555 consensu
606 501 676 555 iuris
695 502 724 555 et
741 500 875 553 utilitatis
894 499 1088 555 communione
1107 499 1250 553 sociatum

238 574 310 641 (cap
329 578 382 637 25).
419 570 527 627 Deinde
547 588 657 626 omnem
675 588 735 625 rem
772 570 907 638 oblicum,
931 570 991 624 sive
1009 586 1027 625 a
1044 586 1112 639 rege
1130 569 1190 625 sive
1209 572 1248 624 ab

237 642 419 711 optimatibus
447 641 506 697 sive
532 641 605 695 abi
595 657 737 711 1sopop
769 641 1032 710 cadministretur,
1061 640 1178 695 consilio
1204 658 1249 695 re-

236 712 357 781 gendam
375 728 436 766 esse
455 713 558 767 censet.
633 730 661 765 m
679 712 869 792 interrogatus
887 728 905 765 a
918 711 1023 777 Laelio,
1043 727 1127 779 quam
1145 711 1180 766 de
1195 711 1247 764 tri-

236 782 288 836 bus
306 782 369 837 istis
387 782 624 837 administrandae
642 781 720 836 illius
738 781 835 837 formis
854 781 990 851 optimam
1003 781 1117 847 iudicet,
1136 781 1247 835 nullam
1312 775 1313 794 ¹

237 868 331 907 earum
350 852 404 906 sibi
423 852 490 906 satis
510 852 601 908 facere
619 852 781 933 respondet,
800 851 850 906 sed
869 853 997 920 quartam
1015 852 1156 921 quandam
1173 854 1247 905 tem-

258 923 363 976 eratam
381 924 411 977 et
429 923 614 994 compositam
631 940 666 977 ex
684 922 812 976 omnibus
831 925 902 992 (cap.
918 927 971 991 29)
1003 924 1130 977 Instante
1149 924 1247 976 autem

235 940 341 1061 Euclio,
359 996 399 1061 ut,
419 1010 502 1061 quam
520 994 555 1049 de
572 994 662 1048 tribur
677 992 735 1046 illis
749 992 1002 1047 administrationis
1016 992 1171 1048 rationibus
1186 1009 1245 1046 ma

236 1062 309 1117 xime
331 1064 445 1132 probet,
468 1066 564 1133 aperte
582 1064 758 1145 profiteatur,
781 1063 889 1133 regiam
906 1062 1021 1132 reliquis
1040 1063 1148 1117 duabus
1166 1064 1245 1117 ante·
1309 1071 1313 1083 ⁴

235 1132 317 1203 ponit
339 1150 403 1187 cum
426 1135 579 1188 ceterorum
603 1133 798 1203 plurimorum,
821 1133 908 1187 tum
898 1133 988 1215 ipsius
1006 1133 1106 1204 populi
1123 1132 1247 1188 Romani

235 1206 320 1271 atquo
343 1203 385 1257 rei
409 1205 438 1258 et
461 1204 630 1259 domesticae
650 1206 680 1258 et
696 1176 816 1258 bellicae
834 1220 887 1257 usn
905 1204 987 1258 unice
1006 1204 1244 1271 commendatam

236 1289 405 1342 quamquam
427 1274 602 1328 consilium
593 1292 624 1328 ιιι
642 1274 834 1354 optimatium,
858 1274 889 1327 in
905 1273 1032 1356 populi
1023 1274 1141 1344 imperio
1159 1274 1245 1329 liber·

234 1346 323 1399 tatem
341 1344 491 1399 collaudat.
523 1343 650 1414 Denique
667 1344 745 1399 redit
761 1345 798 1399 ad
816 1361 886 1410 eam,
905 1362 989 1413 quam
1006 1344 1064 1399 iam
1082 1362 1167 1426 supra
1179 1362 1244 1415 pro-

235 1414 325 1469 fessus
349 1418 404 1484 est,
428 1415 609 1485 sententiam,
632 1432 721 1485 genus
739 1415 928 1497 reipublicae
946 1415 1085 1496 regendae
1104 1415 1244 1485 optimum

234 1485 306 1539 illud
320 1484 375 1539 sibi
388 1459 485 1553 v’ideri,
500 1487 576 1555 quod
588 1486 708 1540 mixtum
722 1484 761 1540 sit
773 1502 788 1540 e
802 1486 899 1541 tribus
906 1485 965 1540 illis
979 1485 1134 1556 generibus.
1162 1485 1245 1550 Quod

234 1555 366 1623 quoniam
383 1556 525 1611 Romanae
547 1556 586 1612 rei
610 1557 741 1627 publicae
761 1556 888 1625 exemplo
906 1505 1048 1611 illustrare
1065 1557 1244 1627 propositum

233 1626 328 1695 hebet,
347 1628 475 1696 anteaq
475 1629 592 1681 uantum
608 1628 680 1682 haec
698 1626 799 1681 ceteris
817 1628 951 1696 praestet,
969 1626 1025 1707 sibi
1038 1627 1243 1681 ostendendum

235 1713 295 1750 esse
319 1669 390 1751 dicit
412 1700 447 1764 (c.
456 1646 534 1752 (130-
537 1700 591 1765 46)
628 1698 710 1751 Hunc
732 1698 827 1750 autem
844 1696 970 1751 Africani
988 1697 1103 1766 eiusque
1121 1696 1243 1751 familia-
1312 1719 1313 1740 ι

233 1766 305 1819 rium
324 1782 479 1820 sermonem
494 1766 589 1821 Cicero
609 1766 664 1819 sibi
683 1769 712 1820 et
729 1766 820 1820 amico
839 1766 958 1835 cuidam,
977 1767 1023 1821 cui
1041 1784 1111 1838 opus
1125 1767 1242 1839 inscrip-
1312 1769 1313 1788 ¹

235 1835 280 1905 sit,
298 1836 417 1891 fortasse
435 1836 540 1903 Attico,
560 1836 693 1917 Smyrnae
712 1835 770 1905 Lep
771 1836 819 1890 ido
835 1835 935 1890 Catulo
954 1852 1024 1893 cess.
1043 1855 1117 1893 anno
1135 1855 1160 1893 a.
1174 1856 1240 1895 uc.

234 1880 286 1962 did
305 1923 322 1960 a
339 1907 369 1963 P
384 1906 491 1961 Rutilio
509 1907 569 1976 ι1]ο,
588 1906 637 1976 qui
655 1906 777 1961 sermoni
794 1906 967 1979 interfuerat,
985 1908 1120 1963 traditum
1137 1910 1240 1963 narrat.

283 2156 559 2237 [Desiderautur
545 2177 581 2221 eu
603 2158 664 2222 eod.
693 2156 842 2223 Vaticano
858 2159 995 2240 popinae
1017 2157 1146 2223 XXXI
1147 2160 1194 2241 V]
1303 2075 1313 2152 ἡ

200 2260 299 2386 l(lod
318 2309 346 2361 p.
366 2284 496 2363 63].
551 2281 731 2365 ‚impetu
753 2280 995 2364 liberavissent,
1017 2280 1133 2347 necO.
1156 2282 1240 2347 Due

200 2340 305 2454 llius,
328 2367 367 2434 A.
390 2330 528 2453 Atilids,
545 2366 580 2433 L.
603 2367 755 2433 Metellus
778 2373 905 2434 terrore
926 2331 1151 2455 Karthaginis,
1173 2393 1239 2435 non

232 2456 295 2523 duo
324 2455 489 2543 Scipiones
517 2457 624 2522 oriens
653 2456 836 2522 incendium
865 2457 945 2523 belli
967 2456 1081 2522 Punici
1109 2459 1239 2523 secundi

232 2547 390 2646 sanguine
417 2568 475 2610 suo
503 2544 742 2629 restinxissent,
769 2567 828 2610 nec
855 2546 889 2609 id
912 2545 1088 2610 excitatum
1111 2547 1239 2611 maiori·

231 2634 292 2697 bus
320 2633 421 2717 copiis
445 2635 502 2697 aut
525 2631 561 2707 Q.
584 2631 744 2697 Maximus
768 2633 987 2697 enervavisset
1010 2636 1067 2697 aut
1052 2633 1131 2697 t.M
1154 2635 1238 2699 Mar·
1265 2650 1280 2690 ⁶

232 2721 332 2786 collus
360 2720 560 2785 contudisset
588 2724 645 2783 aut
674 2742 693 2783 a
720 2723 795 2803 port
796 2721 825 2784 is
852 2720 948 2785 huius
975 2720 1066 2785 urbis
1090 2722 1238 2787 avolsum

231 2808 266 2872 P
276 2806 449 2873 Africanus
463 2806 697 2891 compulisset
687 2809 737 2869 int
738 2829 776 2871 ra
788 2807 931 2872 hostiurn
946 2807 1081 2873 moenia.
1104 2808 1147 2874 M.
1161 2832 1237 2877 vero

231 2924 258 2975 p
278 2898 326 2977 64]
350 2894 411 2959 Cat
397 2894 475 2979 toni,
494 2894 618 2959 homini
636 2895 751 2979 ignoto
771 2898 804 2959 et
820 2916 914 2979 nov0,
933 2918 997 2980 quo
1016 2919 1137 2981 omnes,
1157 2898 1162 2983 Ι
1183 2899 1237 2983 qui

230 2983 333 3048 isdem
355 2983 507 3048 rebust
475 2982 650 3066 studemus,
674 2983 766 3066 quasi
789 2984 965 3067 exemplari
985 2984 1025 3049 ad
1043 2985 1180 3050 indust
1139 2990 1236 3051 ιιιιιιι

230 3072 449 3155 virtutemque
477 3070 635 3155 ducimur,
662 3074 749 3135 certe
777 3071 869 3135 licuit
892 3071 1021 3137 Tusculi
1049 3095 1084 3139 se
1110 3074 1145 3139 in
1168 3075 1276 3140 otio1⁰
1302 3091 1311 3192 q

231 3160 335 3226 deleat
320 3163 391 3225 tare
421 3159 545 3224 salubri
575 3162 608 3223 et
634 3159 817 3245 propinquo
844 3159 925 3225 loc‘o.
970 3158 1033 3226 Sed
1059 3161 1157 3228 homo
1186 3162 1235 3228 de
1309 3209 1310 3215 κ

230 3270 330 3333 mens,
348 3251 386 3312 ut
403 3247 461 3313 isti
478 3251 604 3334 putant,
623 3270 696 3312 cum
711 3252 842 3335 cogeret
859 3270 933 3313 eum
945 3250 1122 3314 necessitas
1136 3251 1234 3334 nulla,

229 3336 265 3400 in
286 3337 337 3402 his
360 3336 511 3401 undistet
529 3336 780 3421 tempestatibus
799 3336 839 3401 ad
859 3359 1019 3401 summam
1037 3342 1235 3403 senectutem

211 3423 346 3489 ,maluit
373 3424 488 3490 iactari
517 3446 615 3508 quam
641 3425 677 3488 in
699 3424 759 3488 ille
780 3424 1022 3507 tranquillitate
1045 3429 1143 3527 atque
1166 3428 1233 3493 otio

229 3510 507 3577 iucundissime
476 3534 593 3578 vrvere
630 3510 719 3575 Omit
705 3514 755 3576 tto
773 3511 1070 3577 innumerabilis
1039 3536 1136 3599 viros,
1160 3536 1274 3615 quo-1⁵

228 3626 256 3679 p.
271 3601 318 3681 77]
338 3620 410 3663 rum
429 3599 550 3685 singuli
569 3599 668 3663 saluti
685 3598 761 3664 huic
779 3599 905 3664 civitati
925 3599 930 3684 Ι
949 3600 1141 3685 fuerunt,et
1107 3606 1234 3688 etquis
