2675 4209
234 256 300 322 308
590 250 880 310 ussurusmoa

234 429 261 480 p.
282 402 346 481 167]
370 402 407 463 ut
433 398 468 463 in
496 419 611 485 agrum
633 396 828 463 Rutulorum
852 392 1141 481 Aboriginumlque
1167 418 1249 480 pro·

235 488 370 570 cederet,
393 490 450 551 aut
472 486 507 551 in
529 486 613 551 ostio
638 485 799 567 Tiberino,
822 506 918 569 quem
939 484 976 547 in
997 484 1104 549 locum
1128 484 1249 549 multis

234 579 310 662 post
338 575 430 639 annis
457 597 514 638 rex
536 574 646 639 Ancus
674 573 835 638 coloniam
863 572 1007 655 deduxit,
1034 573 1148 636 urbem
1169 572 1249 658 ipse

234 662 400 746 conderet,
423 662 480 727 sed
501 661 564 727 hoc
586 662 636 725 vir
659 660 830 725 excellenti
851 660 1057 744 providentia
1078 660 1182 724 sensit
1207 684 1249 726 ac

234 752 329 835 vidit,
357 771 424 815 non
451 771 521 814 esse
548 748 819 833 oportunissimos
846 748 929 812 situs
950 747 1133 813 maritimos
1155 749 1249 813 urbi·
1280 771 1298 812 s

234 839 296 904 bus
320 838 375 922 eis,
398 859 480 922 quae
504 836 654 921 ad'spem
673 835 895 901 diuturnitatis
912 836 1126 900 conderentur
1144 840 1248 921 atque

235 926 372 1011 imperii,
395 925 537 1009 primum
560 924 646 1009 quod
665 926 773 988 essent
790 924 888 987 urbes
907 924 1089 989 maritimae
1107 946 1174 989 nou
1194 947 1248 989 so-

235 1044 263 1093 p.
279 1016 342 1094 158]
367 1014 436 1077 lum
457 1012 570 1077 multis
588 1012 740 1095 periculis
758 1011 937 1095 oppositae,
960 1011 1016 1076 sed
1034 1008 1153 1099 etiam!
1173 1034 1247 1077 cae-
1324 1003 1337 1056 ¹

202 1115 219 1163 o
237 1103 292 1167 cis,
322 1099 409 1165 Nam
431 1104 520 1164 terra
538 1100 706 1166 continens
725 1100 880 1164 adventus
898 1099 1044 1164 hostium
1060 1122 1127 1164 non
1144 1101 1246 1166 modo

238 1192 437 1274 expectatos,
469 1188 525 1253 sed
557 1187 656 1251 etiam
688 1187 874 1272 repentinos
906 1187 1020 1251 multis
1051 1187 1179 1252 indiciis
1210 1193 1293 1253 etro

237 1278 330 1362 quasi
356 1276 487 1361 fragore
516 1277 655 1359 quodam
679 1279 713 1339 et
735 1275 844 1339 sonitu
865 1275 938 1358 ipso
960 1279 1036 1340 ante
1059 1275 1247 1361 denuntiat3

235 1387 339 1450 neque
356 1385 448 1429 'vero
481 1364 651 1448 quisquam
683 1366 793 1448 potest
821 1362 928 1427 hostis
960 1363 1112 1428 advolare
1143 1367 1247 1449 terra,

237 1454 315 1537 quin
338 1475 411 1517 eum
433 1472 500 1517 non
522 1452 617 1516 modo
641 1472 722 1535 esse,
744 1450 800 1515 sed
823 1451 922 1515 ctiam
945 1451 1017 1534 quis
1036 1454 1069 1515 et
1085 1452 1171 1516 unde
1189 1453 1246 1535 sit,

238 1542 318 1693 scitrp
340 1539 510 1692 ppssimus.
530 1539 731 1691 tMpritimus
753 1559 830 1639 vero
852 1538 909 1602 ille
930 1542 965 1601 et
985 1539 1245 1692 napprlipmhostis

237 1652 280 1694 an
344 1650 455 1693 aesse
511 1649 580 1693 oes
664 1650 740 1692 uam
793 1648 844 1689 u1s
867 1648 943 1691 uam
971 1648 1034 1691 ven
1171 1650 1244 1694 esse
1259 1650 1288 1690 15

236 1745 265 1797 p.
273 1719 337 1797 167]
353 1651 510 1800 suspicarpi
524 1678 631 1799 queat,
642 1650 704 1779 ileo
716 1648 802 1796 verb,
816 1648 889 1778 edin
902 1714 1001 1798 venit,
1013 1736 1092 1800 prae
1105 1737 1141 1780 se
1152 1712 1156 1801 1
1167 1717 1244 1801 fert,
1335 1707 1336 1710 ¹

238 1808 295 1869 aut
317 1803 373 1887 qui
396 1803 440 1866 sit
462 1805 519 1867 aut
540 1802 624 1867 unde
646 1801 757 1867 veniat
777 1804 835 1865 aut
857 1801 957 1867 etiam
978 1802 1057 1886 quid
1077 1804 1167 1887 velit,
1190 1805 1244 1869 de·

236 1891 334 1975 nique
355 1911 398 1955 ne
418 1893 498 1955 nota
521 1889 650 1973 quidem
666 1889 746 1974 ulla,
767 1892 902 1973 pacatus
921 1910 965 1955 an
981 1889 1088 1954 hostis
1106 1892 1160 1976 sit,
1180 1892 1243 1957 dis-

237 1979 325 2044 cerni
347 2000 385 2045 ac
406 1977 542 2043 iudicari
564 1980 683 2061 potest.

302 2066 366 2131 Est
387 2068 496 2131 autem
519 2065 693 2129 maritimis
715 2065 850 2131 urbibus
873 2065 973 2131 etiam
996 2068 1153 2151 quaedam
1174 2091 1241 2134 cor·
1255 2091 1282 2130 so
1327 2101 1335 2133 t

236 2155 367 2239 ruptela
390 2175 427 2218 ac
450 2153 627 2218 demutatio
646 2175 786 2237 morum3
809 2154 1025 2219 admiscentur
1043 2155 1129 2220 enim
1146 2158 1240 2222 novis

237 2241 440 2307 sermonibus
467 2263 504 2306 ac
532 2240 711 2326 disciplinis
737 2245 771 2305 et
797 2240 1005 2326 inportantur
1029 2264 1097 2307 non
1119 2266 1239 2310 merces

236 2331 343 2395 solum
371 2329 583 2413 adventiciae,
610 2329 666 2393 sed
693 2330 792 2394 etiam
820 2352 940 2414 mores,
965 2333 1003 2394 ut
1029 2330 1112 2395 nihil
1135 2334 1240 2417 possit

236 2448 264 2499 p.
285 2421 348 2500 168]
376 2418 410 2481 in
442 2417 558 2501 patriis
590 2416 750 2482 institutis
782 2439 912 2482 munere
943 2415 1125 2505 inltegrum.
1169 2420 1238 2485 lam

237 2508 293 2591 qui
318 2506 465 2571 incolunt
492 2526 546 2569 eas
572 2506 684 2589 urbes,
709 2526 777 2569 non
797 2505 934 2570 haerent
955 2505 990 2570 in
1011 2506 1079 2571 suis
1102 2507 1238 2594 sedibus,
1253 2530 1279 2571 ss

237 2595 294 2660 sed
311 2593 435 2659 volucri
453 2614 580 2678 semper
598 2614 654 2677 spe
668 2596 702 2657 et
716 2592 913 2678 cogitatione
926 2593 1097 2678 rapiuntur
1110 2619 1131 2660 a
1144 2596 1237 2663 domo

236 2682 381 2767 longius,
406 2683 502 2763 atque
526 2681 624 2745 etiam
647 2702 720 2745 curn
742 2684 874 2745 manent
896 2703 1040 2766 corpore,
1062 2684 1170 2749 animo
1192 2689 1237 2750 ta·

237 2791 312 2834 men
339 2768 471 2833 exulant
500 2771 532 2831 et
558 2772 729 2852 vagantur.
773 2766 843 2833 Nec
868 2791 945 2834 vero
968 2770 1037 2834 ulla
1059 2792 1112 2835 res
1134 2774 1235 2859 magis

236 2855 468 2921 labefactatam
496 2854 550 2919 diu
577 2859 610 2919 et
637 2854 869 2940 Carthaginem
896 2859 929 2920 et
951 2856 1145 2923 Corinthum
1170 2884 1236 2945 per·

236 2944 337 3009 vertit
359 2942 533 3026 aliquando
557 2964 654 3027 quarn
677 2944 730 3007 hic
753 2965 843 3008 error
865 2966 903 3009 ac
925 2945 1094 3030 dissipatio
1113 2948 1235 3033 civium,
1248 2970 1275 3010 ac

236 3060 263 3112 p.
280 3035 344 3114 aar]
364 3031 449 3115 quod
467 3031 629 3096 mercandi
647 3030 824 3116 cupiditate
842 3035 876 3096 et
892 3031 1078 3118 nauifgandi
1096 3039 1130 3099 et
1147 3058 1235 3122 agro

201 3132 219 3183 8
237 3143 310 3185 rum
332 3123 365 3184 et
388 3140 552 3185 armorum
574 3119 699 3185 orrltum
716 3119 923 3205 reliquerant.
958 3120 1064 3186 Multa
1082 3123 1179 3188 etiam
1197 3126 1234 3189 ad

236 3207 397 3273 luxuriam
428 3207 643 3274 invitamenta
670 3208 853 3292 perniciosa
879 3208 1065 3274 civitatibus
1092 3212 1234 3296 subpedi-

235 3301 349 3361 tantur
375 3295 471 3379 mari,
498 3318 580 3379 quae
602 3295 656 3361 vel
678 3296 849 3381 capiuntur
871 3297 924 3362 vel
946 3296 1166 3383 inportantur3
1191 3305 1234 3365 at

236 3405 297 3468 que
324 3384 423 3448 habet
451 3383 550 3447 etiam
578 3384 756 3449 amoenitas
782 3384 855 3467 ipsa
881 3385 934 3448 vel
956 3389 1164 3470 sumptuosas
1185 3390 1272 3452 veles

236 3470 412 3535 desidiosas
441 3469 621 3536 inlecebras
648 3472 770 3536 multas
798 3471 1019 3556 cupiditatum.
1063 3474 1122 3559 Et,
1154 3477 1232 3559 quod

236 3559 274 3621 de
297 3557 453 3622 Corintho
487 3557 566 3641 dixi,
597 3558 631 3623 id
657 3558 745 3623 haud
772 3557 837 3624 scio
866 3580 909 3624 an
934 3560 1031 3626 liceat
1058 3562 1097 3627 de
1124 3568 1233 3630 cuncta

197 2038 219 2163 t
